3168 4948
285 287 348 350 526
515 306 716 349 rnrnoouorro
728 307 876 349 senensis
892 307 924 348 m
941 309 966 350 s.
983 309 1183 353 semrrunan.

175 441 184 454 =
284 404 460 488 descendit,
487 427 506 468 a
532 427 596 491 qua
622 426 732 468 rursus
755 406 836 469 urbe
862 409 982 470 tertium
999 411 1055 470 iter
1074 409 1270 492 apostolieum
1289 433 1414 475 assum-

284 509 357 592 psit.

328 616 380 678 tr.
401 616 438 677 lu
451 615 543 678 tortio
560 623 669 678 autom
686 614 741 677 illo
758 613 869 676 itinere
886 613 1122 697 perambulavit
1138 614 1230 679 divus
1243 615 1413 701 Apostolus

283 739 321 781 ex
339 717 451 782 ordine
468 718 644 783 Galaticum
663 718 827 802 regionem
849 726 880 780 et
897 718 1081 802 Phrygiam,
1104 719 1297 784 confirmans
1312 720 1414 786 disci-

282 822 398 905 pulos,
421 820 613 906 devenitque
641 820 827 904 Ephesum,
856 818 911 883 uhi
938 842 1012 883 cum
1033 822 1141 885 fructu
1160 844 1218 906 per
1245 823 1412 887 biennium

280 922 460 987 doctrinam
475 924 692 1008 evangelicam
706 920 890 1006 praedicavit
905 922 1230 1010 praedicationemque
1246 947 1336 989 suam
1349 928 1413 989 mi-

164 1062 167 1071 «
280 1027 397 1089 racnlis
421 1025 560 1089 firmavit
579 1024 639 1110 (l).
666 1024 773 1104 Quum
796 1034 903 1088 antem
931 1026 1047 1110 Ephesi
1071 1025 1202 1111 degeret
1225 1028 1410 1113 Apostolus,

280 1128 460 1192 nuntiatum
482 1139 528 1192 est
546 1130 604 1213 ipsi
628 1127 795 1198 ecelesiam
815 1127 991 1192 Galaticum
1013 1128 1232 1194 adoetoribus
1249 1133 1412 1195 nonnullis

273 1228 512 1314 judaizantibus
531 1230 628 1293 fuisse
651 1229 884 1314 perturbatam.
906 1230 1027 1312 Quare,
1050 1241 1084 1295 nt
1106 1231 1317 1297 dissensiones
1339 1236 1411 1297 illas

279 1343 497 1416 componeret,
518 1333 637 1396 Paulus
652 1332 775 1416 scripsit
793 1332 964 1416 Epistulam
978 1334 1018 1394 ud
1034 1333 1172 1406 Gulutu's,
1191 1335 1304 1420 inqua
1322 1356 1410 1420 prse-

278 1434 386 1496 sertim
404 1436 469 1518 agit
486 1433 527 1497 de
543 1435 613 1518 lege
631 1435 769 1497 llosaica
785 1433 918 1518 ejusque
940 1433 1126 1498 abolitione.

321 1538 373 1601 15.
397 1539 529 1601 Interim
545 1536 622 1600 dnm
635 1538 751 1621 Ephesi
765 1546 982 1600 commoratur
994 1538 1176 1621 Apostolus,
1195 1540 1291 1602 varies
1308 1561 1408 1603 exur-

275 1646 355 1720 gunt
381 1640 415 1701 in
439 1640 571 1703 eeclesia
596 1639 795 1702 Corintlriaea
821 1639 976 1702 sactiones
993 1648 1023 1701 ct
1040 1637 1261 1703 dissensiones
1281 1643 1407 1704 Mittunt

275 1739 427 1804 Corinthii
446 1764 503 1826 por
526 1742 747 1823 Fortunatum,
767 1741 962 1824 Stephanum
989 1750 1019 1803 ct
1038 1742 1214 1805 Achaicum
1238 1744 1404 1827 epistolam

274 1843 316 1907 ad
333 1846 571 1927 Paulun1,eum
593 1843 634 1906 dc
658 1845 753 1907 variis
776 1842 1015 1907 difficultatibus
1039 1865 1110 1928 quaa
1129 1846 1213 1929 ipsos
1232 1845 1405 1911 turbabant

274 1950 523 2032 interrogantem
535 1949 559 2010 T
563 1969 624 2010 unc
639 1947 757 2009 Paulus
775 1948 910 2008 multam
934 1966 1066 2008 suorum
1086 1945 1321 2010 Corinthiorum
1342 1971 1403 2012 cu-

273 2072 343 2113 ram
361 2072 487 2135 gerens,
504 2050 589 2113 misit
609 2049 810 2112 Timotheum
828 2057 859 2111 ot
871 2050 1030 2129 Erastum,
1055 2048 1109 2132 qui
1130 2032 1163 2110 in
1180 2047 1401 2113 Macedoniam

273 2154 461 2237 pergebant,
479 2151 520 2216 ad
543 2149 741 2215 invisendam
757 2149 992 2215 Corinthiacum
1017 2151 1196 2232 ecclesiam,
1211 2173 1251 2215 ac
1269 2173 1327 2236 per
1346 2175 1402 2217 eos

272 2256 413 2317 ccclesiae
427 2254 634 2318 Corinthiacae
652 2253 776 2337 scripsit
788 2273 859 2315 eam
873 2252 1058 2336 Epistolam,
1071 2273 1142 2337 quae
1155 2263 1286 2317 vocatur
1297 2257 1400 2339 prims

272 2357 312 2418 ud
326 2356 510 2420 Corinthios.
862 2419 866 2424 .

316 2459 368 2522 11.
386 2460 486 2523 Paulo
499 2468 581 2544 post,
597 2458 761 2522 arcadem
775 2459 856 2523 urbo
872 2460 987 2543 Ephesi
1006 2460 1099 2522 mittit
1114 2459 1283 2544 Apostolus
1295 2461 1400 2523 Titum

271 2561 314 2624 ad
337 2562 527 2645 Corinthios,
547 2573 582 2626 ut
598 2585 636 2626 ex
654 2563 724 2647 ojus
741 2585 795 2626 ore
814 2565 931 2627 certior
946 2563 1037 2626 fieret
1053 2584 1210 2648 quosnam
1238 2585 1400 2627 successus

271 2686 327 2727 sua
339 2666 478 2748 Epistola
493 2665 667 2729 habuissct.
683 2665 828 2728 Debebat
840 2666 926 2728 Titus
938 2686 1072 2728 munere
1085 2666 1282 2749 perfunctus,
1297 2667 1399 2728 Troa-

270 2768 344 2832 dcm
365 2769 485 2852 venire,
508 2768 563 2833 ubi
581 2770 710 2851 Paulus,
733 2769 843 2832 relicto
865 2769 1001 2853 Epheso,
1023 2770 1082 2852 ipsi
1107 2778 1175 2833 erat
1195 2790 1396 2833 occursurus.
1489 2828 1496 2841 ,

270 2874 369 2936 Porro
385 2873 515 2954 PauluS,
538 2872 580 2935 ob
595 2869 784 2934 seditionem
804 2871 920 2954 Ephesi
939 2881 1132 2934 commotam
1151 2870 1303 2935 adversus
1324 2892 1398 2934 enm

269 2998 287 3038 a
317 2974 458 3061 quodam
490 2975 672 3054 Demetrio,
706 2971 820 3036 urbem
844 2974 973 3058 reliquit
995 2972 1218 3059 Troademque
1243 2975 1341 3055 venit,
1367 2983 1399 3036 et

269 3099 369 3162 quum
393 3079 556 3161 paulisper
579 3077 623 3139 ibi
647 3077 751 3139 Titum
775 3058 998 3159 exspectasset,
1020 3077 1052 3139 in
1077 3075 1297 3139 Macedoniam
1321 3098 1397 3161 per-

267 3182 347 3242 rexit
370 3181 431 3264 (2).
456 3181 493 3242 ln
517 3181 575 3242 ista
600 3179 741 3262 regione,
765 3177 898 3241 fortasse
922 3177 1058 3241 inurbe
1082 3177 1316 3262 Philipporum,
1337 3177 1397 3262 ipsi

268 3284 405 3353 occurrit
429 3282 514 3344 Titus
534 3281 594 3364 (5).
620 3278 739 3343 Audita
761 3289 869 3342 autem
888 3280 947 3341 Titi
970 3277 1011 3342 de
1035 3279 1203 3344 Corinthiis
1226 3279 1394 3352 relatione,

267 3386 481 3447 necessarium
502 3382 592 3446 duxit
607 3383 737 3464 Paulus,
759 3392 933 3465 antequam
949 3382 1015 3465 ipse
1032 3383 1211 3446 Corinthios
1233 3382 1393 3464 inviseret,

267 3483 308 3547 ad
325 3506 379 3548 eos
391 3506 500 3550 rursus
513 3484 687 3568 Epistulam
701 3485 852 3548 scribere.
870 3484 944 3548 Hace
956 3493 1063 3547 autem
1079 3484 1208 3548 sectanda
1224 3485 1265 3547 ud
1280 3483 1396 3548 Corin-

269 3587 346 3651 tlu'os
366 3587 504 3671 Epistola
522 3586 565 3650 ad
577 3586 757 3652 Corinthios
772 3586 878 3650 delata
893 3587 953 3650 suit
971 3607 1028 3670 per
1045 3587 1149 3650 Titum
1168 3597 1199 3649 et
1218 3587 1298 3649 alios
1313 3585 1396 3648 dnos
1444 3656 1447 3661 Q

267 3691 466 3754 christianos.

309 3794 362 3858 15.
388 3793 505 3859 Adhuc
526 3794 679 3858 remansit
702 3795 810 3878 aliquo
835 3804 980 3878 tempore
996 3793 1114 3855 Paulus
1133 3793 1166 3856 iu
1190 3791 1392 3876 Macedonia,

262 3898 427 3982 regionem
445 3899 641 3981 perlustrans
654 3897 928 3982 Evangeliumque
942 3894 1119 3982 praedicans
1133 3917 1235 3981 usque
1254 3894 1297 3960 ad
1312 3896 1394 3982 llly-

233 4232 238 4238 .
294 4159 328 4220 (l)
340 4158 496 4219 Actttt'ttt,
509 4159 618 4212 tsxtx.

293 4240 329 4301 (s)
342 4241 399 4290 Aa.
412 4242 475 4300 nn,
489 4241 584 4297 0asuri,
597 4242 623 4292 s.

291 4322 328 4389 (tl)
340 4324 367 4375 ll
378 4324 440 4376 Cor.
455 4323 487 4388 ll,
498 4323 539 4386 ta,
554 4325 596 4375 15.
