3132 4964
345 283 420 328 nnus
432 283 456 327 1.
476 282 571 327 curor
587 281 673 328 run.
693 283 731 325 nr
743 283 908 328 rnoruarrs
925 283 1110 330 emensam.
1234 261 1299 332 145

39 460 45 471 ἱ
163 383 283 449 fecisse
295 383 433 455 Nathan.
448 381 517 448 Gad
531 391 562 446 et
574 381 691 447 Ahiam
705 382 870 446 Silonitem
883 405 922 446 ex
935 385 1186 471 Paralipomeuis
1199 384 1300 450 disci·
1405 464 1409 475 ι

46 480 62 541 't
165 508 243 551 mus
257 484 318 571 (1).
336 485 377 548 Hi
392 494 498 549 autem
512 483 553 548 de
567 486 631 548 suis
646 484 801 548 vaticiniis
819 486 898 548 nihil
914 488 1030 573 scripto
1046 490 1179 574 posteris
1193 510 1299 553 reser-

167 597 298 654 varunt.
315 586 395 652 Inde
411 597 550 653 autema
563 607 635 651 saec.
649 586 725 652 VIII
741 597 813 652 ante
830 589 904 653 Chr.
922 590 1082 675 usquead
1098 591 1196 656 finem
1214 592 1301 656 exilii

167 691 371 779 Babylonici,
387 688 614 776 septemdecim
631 691 817 754 exstiterunt
831 691 998 777 Propheta
1014 695 1069 780 qui
1082 714 1139 759 sua
1151 694 1301 758 vaticinia

169 796 296 882 scriptis
316 803 499 860 exararunt.

216 900 269 969 17.
288 898 455 983 Propheta
471 918 588 961 munus
607 919 672 961 non
693 906 761 961 erat
778 896 1015 962 haereditarium
1038 919 1077 962 ao
1095 920 1299 985 permaneus⁷

170 1010 207 1065 ut
231 1000 444 1066 sacerdotium
469 1022 507 1065 ac
531 1001 647 1086 regalis
671 998 819 1086 dignitas,
850 998 907 1064 sed
943 1000 1231 1066 extraordinarium
1261 1024 1301 1066 ae

170 1114 428 1189 temporaneum.
449 1105 501 1168 Sic
508 1102 601 1189 jussu
616 1104 673 1167 Dei
690 1104 774 1168 Elias
786 1105 820 1168 in
833 1105 1028 1190 Prophetam
1047 1105 1137 1168 unxit
1153 1106 1300 1168 Elisaeum

172 1227 247 1270 cum
268 1215 373 1270 araret
388 1206 422 1269 iu
437 1227 527 1291 agro.
545 1206 643 1269 Amos
667 1206 785 1270 electus
808 1206 868 1270 fuit
891 1229 929 1271 ex
950 1206 1130 1290 pastoribus
1148 1207 1298 1290 Thecue5

171 1310 327 1374 Ieremias
344 1330 383 1372 ex
402 1307 514 1372 ordine
534 1307 723 1372 sacerdotali
745 1307 821 1373 inde
838 1330 857 1372 a
874 1309 1036 1374 nativitate
1054 1310 1087 1372 in
1104 1317 1209 1383 vatem
1225 1329 1300 1374 san-

172 1410 326 1475 ctificatus
339 1410 399 1474 luit
414 1411 472 1498 (2).
493 1412 661 1496 Propheta
676 1412 872 1496 peculiarem
889 1412 987 1493 aDeo
1002 1410 1203 1496 accipiebant
1220 1412 1300 1474 mis-

171 1514 294 1577 sionem
328 1511 371 1576 ad
407 1523 530 1578 certum
566 1535 605 1578 ao
639 1512 887 1578 determinatum
910 1513 1019 1578 finem.
1046 1515 1129 1577 Hinc
1154 1512 1302 1578 videmus

171 1616 352 1681 Nathanem
376 1617 496 1701 pluries
517 1615 560 1681 ad
580 1615 749 1701 Davidem,
766 1617 869 1681 Eliam
893 1625 925 1681 et
941 1618 1089 1680 Elisaeum
1111 1615 1155 1682 ad
1173 1616 1299 1699 Achab,

171 1719 268 1802 Jebu,
290 1720 434 1806 aliosque
452 1740 556 1804 reges,
586 1720 784 1784 Ezechielem
813 1717 854 1783 ad
885 1721 1027 1803 captivos
1050 1720 1083 1783 iu
1104 1719 1300 1804 Babylonia,

172 1822 278 1884 Ionan
293 1820 334 1885 ad
378 1823 515 1905 iniritas,
533 1822 656 1885 missos.

217 1905 365 2026 lhffrae
386 1925 497 2009 ipuum
514 1922 645 2009 quidem
669 1943 834 1987 sacrorum
855 1923 973 1989 Vatum
998 1923 1138 1989 officium
1161 1936 1228 1990 erat
1249 1924 1376 2033 Qsffipo
1397 1894 1531 2028 &sm

159 2027 308 2123 er
340 2027 519 2112 specialiter
548 1990 722 2123 ΜΨ
751 2025 881 2109 Messias,
904 2025 1126 2091 annuntiandi.
1152 2028 1301 2145 Attanppu
1398 2003 1527 2085 ων]

173 2127 263 2194 aliud
279 2129 372 2193 simul
393 2151 426 2192 m
451 2150 509 2193 uus
527 2130 559 2192 iu
583 2127 747 2213 republica
768 2127 978 2192 Hebraeorum
998 2098 1353 2212 gerebant-DivinaeX

170 2230 345 2324 uoluntatis
359 2150 547 2330 intedpretes
566 2240 597 2294 et
609 2230 710 2294 nuntii
726 2227 933 2292 mittebantur
955 2227 997 2293 ad
1014 2249 1104 2317 reges
1121 2237 1152 2294 et
1166 2211 1288 2315 pop
1266 2251 1303 2311 os
1396 2185 1461 2347 dp
1479 2322 1488 2357 Ι

177 2342 212 2396 ut
228 2341 395 2418 corruptos
415 2334 597 2418 corriperen
630 2352 736 2395 mores
751 2340 782 2394 et
800 2331 917 2415 Legem
941 2331 1038 2416 Moysi
1061 2331 1209 2445 omnibus
1231 2354 1303 2396 ser-

179 2432 318 2499 vandam
329 2432 495 2519 juberent.
512 2434 551 2497 Hi
643 2434 748 2497 axime
763 2430 1301 2521 Quariadulohmam,

178 2535 334 2622 adquam
357 2538 506 2601 Israelitae
530 2535 753 2621 propensiores
770 2544 873 2619 erant,
899 2535 1175 2621 serenissimaeque
1192 2557 1304 2620 poenas
1397 2564 1398 2567 ¹

176 2640 210 2703 in
235 2649 482 2725 transgressores
500 2639 741 2703 minitabantur.
749 2637 892 2701 ‘Interim
915 2647 950 2701 ut
975 2637 1131 2722 populum
1155 2639 1187 2701 iu
1212 2659 1303 2724 spem

178 2744 336 2828 erigerent
350 2752 381 2807 et
396 2764 472 2808 vero
487 2743 545 2806 Dei
570 2741 668 2807 cultui
689 2739 853 2805 addictum
877 2750 1041 2804 servarent
1057 2741 1204 2805 Moesiam
1220 2763 1303 2805 veu-

177 2855 286 2910 turum
302 2846 530 2931 promittebant
549 2796 649 2926 Quia
665 2865 741 2908 vero
762 2843 891 2929 regibus
906 2853 938 2906 et
959 2844 1078 2928 populo
1097 2844 1304 2929 peccantibus

175 2947 314 3011 infausta
337 2946 511 3012 identidem
534 2946 762 3033 praedicebant,
788 2946 863 3009 hinc
885 2946 1052 3029 Propheta
1076 2944 1156 3009 dure
1177 2948 1301 3010 tractati

178 3072 242 3114 non
259 3051 359 3114 semel
372 3048 527 3124 luerunt]
745 3050 1079 3151 tati‘ularptdalaam
1109 3065 1139 3131 ah
1170 3031 1339 3135 &when

222 3154 274 3216 19.
298 3153 418 3237 Scripta
435 3151 673 3238 Prophetarum.
680 3097 867 3267 [I‘ropbetae
889 3148 1050 3214 ordinarie
1074 3172 1129 3214 sua
1153 3152 1303 3217 vaticinia
1328 3106 1487 3258 ”Q
1480 3132 1514 3229 1.

179 3257 251 3318 vira
273 3277 368 3339 voce,
394 3256 493 3319 instar
517 3275 723 3340 praecouum,
748 3253 865 3339 populo
889 3252 1078 3317 nuntiabant
1097 3252 1157 3340 (ὅ).
1181 3254 1304 3325 Deinde
1491 3250 1495 3253 ’

181 3360 367 3423 concionem
380 3360 482 3445 ipsam
499 3366 554 3422 aut
568 3357 636 3443 ejus
651 3376 809 3421 summam
825 3356 935 3419 litteris
946 3354 1154 3421 mandabant.
1173 3357 1303 3442 Neque·
1383 3345 1424 3467 gd
1432 3408 1472 3469 ,Ε

183 3481 280 3546 quam
296 3470 403 3525 autem
418 3460 575 3524 habemus
588 3461 695 3524 omnia
718 3460 861 3523 omnium
884 3459 1118 3542 Prophetarum
1141 3460 1302 3525 vaticinia.
1432 3452 1438 3465 ⁸
1478 3458 1482 3465 ’

181 3562 266 3625 Nihil
278 3564 373 3646 Elias,
389 3563 467 3627 nihil
482 3564 610 3627 Elisaeus
627 3582 802 3646 eorumque
817 3559 976 3645 discipuli,
994 3547 1305 3730 scripseruuthffi
1346 3554 1382 3676 «p
1390 3556 1439 3680 ps]

176 3665 282 3748 pheta
301 3687 437 3751 quorum
456 3665 602 3730 vaticinia
619 3675 742 3729 servata
759 3675 842 3748 sunt,
865 3665 898 3728 hi
912 3673 1120 3728 numerantur
1139 3687 1146 3726 :
1164 3675 1243 3783 puat

181 3770 308 3853 majores
327 3736 462 3853 didicit?
481 3734 642 3834 aldim
662 3769 712 3832 cui
735 3760 919 3854 adjungitur
943 3767 1082 3849 Baruch,
1108 3723 1306 3832 Iideehicl²⁴et

486 3856 705 3935 ⁶294&
889 3858 1015 3935 MJ-
1035 3855 1122 3920 ΥΠ

213 3975 247 4041 (ι)
258 3977 271 4027 ι
281 3977 371 4026 rarat.
385 3978 426 4038 rx,
440 3976 482 4027 ac.

214 4061 248 4126 (2)
260 4061 303 4112 Ill
311 4062 369 4124 Περ.
384 4061 446 4124 ΧΙΧ,
463 4062 508 4123 193
520 4060 610 4112 Amos.
624 4060 643 4122 l,
656 4063 680 4123 l;
694 4061 786 4110 leram.
801 4059 821 4121 1,
838 4062 861 4110 l.

214 4143 250 4207 (ι)
264 4142 316 4195 isa.
333 4142 385 4205 vn,
404 4145 428 4202 a
438 4134 556 4202 ιιιιιιι,
570 4143 600 4205 6;
616 4143 722 4205 xxxix,
740 4144 764 4205 a
779 4143 872 4192 rerem.
890 4141 920 4203 ιι,
934 4141 958 4205 a
974 4140 1026 4202 vn,
1042 4140 1067 4200 a
1083 4141 1125 4204 ιιι,
1138 4143 1162 4205 a
1181 4149 1229 4195 etc.
1243 4143 1307 4204 oua

183 4233 265 4277 tamen
273 4226 398 4278 hahentur
410 4225 444 4277 Is.
456 4224 587 4275 xt-nxv1
599 4233 625 4277 et
639 4225 729 4276 Erech.
743 4224 897 4274 tlh-XLVIII
908 4225 993 4274 stattm
1007 4225 1109 4286 scripta,
1123 4237 1171 4274 uon
1181 4236 1224 4274 ore
1234 4224 1306 4287 petus

185 4308 286 4372 prolata,
302 4308 428 4362 videntur.
