3168 4948
243 300 307 365 dli
472 309 671 364 inruonucrro
688 313 836 360 sinemus
854 314 886 357 rx
904 314 929 358 s.
947 313 1146 361 scammata.

245 416 327 502 cepti
346 414 489 501 Apostoli
507 417 567 481 sibi
590 418 761 495 finxerunt,
783 413 869 478 bona
886 412 1017 499 quidem
1037 413 1113 497 fide,
1130 416 1239 479 Jesum
1257 424 1369 502 patra-

246 520 326 584 visse
338 520 507 603 miracula,
522 521 597 606 quia
609 521 714 606 ipsum
726 526 762 580 ut
773 517 919 580 Messinm
934 515 1098 580 habebant
1111 526 1142 580 et
1156 519 1260 602 ipsum
1272 520 1369 582 talem

246 643 315 687 esse
329 624 449 688 ceteris
465 643 645 710 proponere
659 619 822 686 volebant.

292 724 345 786 24.
368 724 458 807 Resp.
484 723 568 787 Nihil
592 720 761 787 absurdius
783 720 846 810 hoc
869 719 1034 784 ratiocinio
1062 722 1233 806 excogitari
1256 730 1370 807 potest.

248 828 280 890 Si
294 827 384 891 lesus
396 848 461 890 non
473 836 520 891 est
534 828 673 907 Messias,
688 823 851 888 undenam
868 822 1011 907 Apostoli
1027 826 1168 908 persuasi
1181 834 1253 889 sunt
1268 827 1373 909 ipsum

249 952 316 994 esse
339 929 514 993 Messiaml
533 929 673 1015 Apostoli
699 925 872 991 credebant
889 926 1034 989 Messium
1053 928 1271 991 restituturum
1288 937 1374 991 tem-

249 1034 359 1119 porale
381 1033 596 1096 Israelitarum
619 1051 766 1116 regnum.
793 1029 862 1093 Hoc
884 1050 949 1092 non
972 1029 1047 1093 fecit
1069 1033 1185 1112 Jcsns,
1211 1030 1375 1095 undenam

251 1138 346 1221 igitur
363 1136 437 1220 ipsis
454 1136 522 1199 haec
537 1135 699 1219 persuasio
722 1133 826 1217 ipsum
850 1152 918 1195 esso
936 1133 1105 1196 Messium?
1122 1132 1290 1197 Undenam
1308 1135 1376 1198 hac

252 1240 414 1324 persuasio
432 1238 600 1323 provenire
618 1237 693 1322 ipsis
709 1237 810 1319 potuit
825 1235 883 1297 nisi
903 1235 979 1320 quia
997 1233 1167 1329 audierunt
1189 1237 1297 1300 Jesum
1321 1236 1376 1299 di·
1486 1244 1492 1259 “
1564 1300 1568 1307 ,

252 1343 326 1406 vina
343 1339 582 1427 predicantem,
598 1339 792 1403 sanctissime
805 1360 838 1401 se
852 1347 1015 1422 gerentem
1032 1347 1063 1401 et
1078 1341 1159 1403 mira
1175 1340 1379 1424 patrantem?

253 1444 397 1529 Apostoli
418 1443 539 1507 Christo
568 1442 723 1506 miracula
746 1439 916 1503 tribuunt:
941 1462 983 1504 an
1008 1441 1137 1505 fuorunt
1160 1440 1314 1528 decepti?
1335 1465 1378 1506 an

254 1548 425 1611 voluerunt
441 1543 613 1628 decipere?
629 1565 670 1607 an
685 1542 858 1627 potuissent
874 1539 1022 1626 decipere
1041 1544 1163 1606 etiamsi
1182 1544 1379 1608 voluissent?

255 1648 478 1732 Nequaquam.
504 1645 588 1711 Vera
612 1645 707 1729 igitur
730 1651 803 1707 sunt
826 1663 897 1728 quae
921 1644 979 1727 ipsi
1011 1652 1192 1707 narrarunt.
1218 1644 1379 1709 Animad-

256 1759 355 1832 verte,
382 1758 500 1834 quaeso,
519 1768 616 1832 quam
639 1748 720 1810 mira
745 1746 783 1809 sit
805 1743 1044 1809 incredulorum
1061 1744 1242 1811 credulitas,
1260 1747 1380 1812 Nolunt

162 1842 165 1848 ’
257 1851 387 1918 credere
409 1870 479 1935 qua
503 1858 595 1913 testes
617 1848 790 1912 fidelissimi
814 1855 968 1931 asserunt,
988 1857 1018 1911 et
1041 1847 1174 1912 credunt
1196 1850 1378 1936 Apostolos,

257 1953 491 2037 Evangelistas,
516 1949 675 2035 myriades
699 1950 943 2013 christianorum
967 1951 1074 2013 omnia
1098 1950 1182 2014 bona
1206 1951 1377 2037 abjecisse,

257 2057 384 2137 divitiis,
395 2054 610 2139 voluptatibus
623 2055 830 2135 renuntiasse,
842 2054 949 2116 omnia
961 2054 1146 2138 opprobria,
1157 2058 1378 2141 contumelias,

256 2159 501 2247 persecutiones,
526 2166 695 2240 tormenta,
714 2166 850 2220 mortem
868 2157 970 2241 ipsam
986 2158 1167 2221 toleravisse
1188 2169 1222 2223 ut
1236 2159 1380 2224 incredi-

256 2264 333 2329 bilia
347 2272 378 2327 et
392 2261 500 2325 fictitia
516 2258 677 2323 credenda
693 2281 757 2323 non
773 2257 976 2323 credentibus
991 2263 1220 2343 proponerent!
1239 2261 1381 2327 Credunt

256 2364 424 2446 increduli,
441 2385 459 2427 o
479 2364 572 2425 nimis
596 2361 729 2444 creduli,
748 2370 783 2425 ut
798 2361 907 2425 fictitia
922 2372 1109 2445 assererent,
1129 2363 1296 2448 Apostolos
1313 2367 1380 2430 Pe-

255 2482 341 2534 trum
357 2479 388 2532 et
402 2468 559 2531 Joannem
583 2488 710 2531 carcerc
734 2467 869 2548 clausos,
887 2465 1020 2550 flagellis
1036 2488 1142 2550 casos,
1161 2469 1380 2535 sacerdotibus

256 2569 457 2657 respondisse
474 2592 481 2632 τ
497 2571 566 2632 Non
577 2590 738 2654 possuntne
751 2590 817 2652 quta
830 2570 959 2632 stetimus
973 2579 998 2632 et
1016 2571 1186 2636 audiuimus
1202 2595 1263 2636 non
1280 2572 1375 2658 loqui.

255 2674 395 2740 Credunt
409 2671 451 2736 ἃᾶ
465 2671 571 2736 fictitia
591 2670 792 2756 praedicanda
809 2671 945 2734 Paulum
960 2681 1008 2735 ter
1019 2673 1114 2758 virgis
1131 2695 1259 2756 casum,
1279 2679 1379 2741 semel

255 2775 444 2863 lapidatum,
458 2776 519 2838 tria
531 2776 698 2859 naufragia
712 2795 851 2858 passum,
866 2774 1015 2858 periculis
1027 2777 1188 2859 itinerum,
1202 2778 1376 2863 latronum,

255 2879 397 2964 gentium
413 2877 585 2962 objectum,
604 2878 764 2958 aerumnis,
783 2877 881 2959 fame,
899 2878 959 2959 siti,
980 2879 1067 2941 omni
1089 2899 1206 2964 genere
1221 2882 1379 2965 privatio-

255 3001 332 3045 num
349 3000 548 3065 oppressum,
567 2977 707 3064 denique
732 2989 868 3042 mortem
886 2979 987 3063 ipsam
1005 2984 1154 3064 passum!
1176 2983 1328 3047 Paratum
1346 3006 1380 3049 sc

236 3146 238 3149 .
256 3083 384 3148 dicebat
402 3089 433 3144 et
449 3078 490 3144 ἃᾶ
509 3080 663 3165 supplicia
680 3091 710 3144 et
731 3079 773 3143 ad
790 3090 926 3144 mortem
943 3082 988 3144 ire
1006 3103 1064 3165 pro
1080 3082 1201 3148 Christo
1216 3108 1226 3168 3
1248 3085 1379 3150 aiebat:

257 3188 293 3250 ot·
316 3184 458 3249 Christus
481 3205 540 3245 iton
566 3186 831 3246 resurrectionne
854 3196 897 3247 est
918 3184 994 3268 fides
1017 3197 1143 3259 nostre,
1168 3197 1199 3249 et
1222 3188 1289 3253 haec
1313 3191 1381 3274 ipse

257 3288 376 3353 sciebat
392 3308 459 3350 esse
477 3286 579 3349 falsa!
600 3284 684 3348 lllud
707 3296 737 3350 et
756 3286 989 3371 cognoscebant
1005 3287 1182 3372 Stephanus
1198 3289 1276 3354 dum
1296 3293 1382 3377 lapi-

258 3390 407 3471 dabatur,
426 3399 457 3451 et
477 3387 617 3451 Jacobus
640 3386 718 3452 dum
743 3388 948 3470 enecabatur,
967 3399 997 3452 et
1013 3391 1152 3473 lgnatius
1176 3391 1254 3455 dum
1274 3394 1382 3458 bestiis
1413 3450 1417 3453 .

259 3492 481 3579 objiciebatur,
500 3500 531 3553 et
546 3512 641 3553 senex
663 3492 856 3577 Polycarpus
880 3494 914 3554 in
936 3493 1086 3575 flammis,
1103 3504 1133 3557 et
1156 3493 1381 3562 delicatissima

259 3594 386 3673 Cecilia,
405 3601 436 3654 et
454 3592 625 3655 tenerrima
645 3594 881 3678 castissimaque
897 3594 1014 3678 Agnes,
1033 3604 1063 3657 et
1080 3598 1216 3661 infantes
1230 3608 1261 3662 et
1276 3621 1380 3683 senes,

259 3706 290 3761 et
315 3695 438 3759 nobiles
462 3704 493 3756 et
516 3716 672 3778 pauperes
696 3693 774 3758 dum
804 3698 889 3780 igne,
914 3698 1090 3779 tormentis,
1114 3698 1234 3783 bestiis,
1259 3700 1380 3787 gladie,

259 3820 353 3864 cruce
372 3820 389 3861 e
407 3796 691 3880 vita‘tollebantur,
712 3806 742 3861 et
763 3800 904 3883 legiones
922 3820 1033 3863 eorum
1050 3812 1226 3887 martyrum
1243 3804 1310 3889 qui,
1330 3805 1383 3869 vel

258 3900 397 3975 ludibria
412 3900 632 3963 Romanorum
650 3900 682 3961 in
694 3900 924 3984 amphiteatris,
940 3901 992 3964 vel
1006 3902 1076 3986 pice
1091 3901 1192 3967 induti
1206 3905 1382 3969 combure-

258 4003 375 4067 bantur
391 4000 430 4064 ad
450 3999 692 4065 delectationem
710 4003 865 4083 Neronis!
885 4002 961 4067 Haec
977 4005 1083 4068 omnia
1103 4008 1162 4090 ipsi
1178 4008 1383 4092 patiebantur

180 4110 183 4115 ’
258 4103 300 4168 ἃᾶ
331 4104 486 4168 miracula
511 4101 583 4166 ficta
607 4104 865 4189 propugnanda!
894 4105 998 4185 Quam
1026 4107 1225 4173 incredibilia
1249 4109 1382 4175 credere

138 4257 141 4266 .
259 4205 377 4271 debent
393 4205 447 4291 qui
465 4205 588 4269 veritati
606 4207 717 4269 nolunt
732 4204 886 4271 credere!
927 4242 932 4261 ι

674 4389 950 4407 ῃ·-
