3142 4964
253 313 295 388 Il
468 349 667 392 rnruonuorro
683 346 829 393 ercIffls
844 344 877 391 nt
892 349 918 392 s.
936 346 1135 398 somrrunnu.

253 444 381 532 Reliqua
399 470 568 512 sermonum
585 450 715 514 Roboom
732 463 760 513 ot
779 452 881 513 omnio
902 471 967 535 pute
1005 453 1069 523 erit,
1095 472 1154 513 ecce
1170 451 1282 534 scripto
1304 465 1380 517 sunt

164 535 169 565 ⁵
252 550 284 612 iu
300 548 375 613 lt'lrro
393 573 563 615 sermonum
581 553 696 615 dierum
715 575 819 638 nepum
835 553 917 616 ruta
931 551 990 638 (l).

295 652 516 718 antistabant
540 656 634 740 igitur
658 664 754 741 atque
780 654 866 740 apud
891 653 1017 720 Judaeos
1043 655 1252 720 servabantur
1270 655 1378 722 docu-

250 763 358 817 menta
376 757 557 820 authentica
572 766 733 841 gestorum
757 755 897 840 Davidis,
922 756 1100 820 Salomonis
1124 768 1219 844 atque
1237 759 1376 823 aliorum

249 876 373 941 regum.
392 857 541 944 Quisquis
559 860 654 945 igitur
669 858 825 922 librorum
841 860 967 943 Regum
993 868 1103 922 auctor
1126 857 1294 942 habeatur,
1311 859 1376 924 ad-

249 959 410 1023 mittamus
434 982 561 1024 necesse
585 969 631 1024 est
654 960 723 1046 ejus
746 962 960 1024 narrationem
984 982 1051 1024 esse
1075 981 1196 1024 veram.
1222 960 1302 1024 Nam
1321 963 1376 1025 vel

248 1070 359 1125 auctor
376 1064 590 1134 narrationem
609 1084 698 1127 suam
715 1061 912 1127 documentis
935 1063 1121 1126 authenticis
1146 1063 1372 1148 conformavit,

247 1164 299 1227 vel
315 1187 402 1249 non,
422 1167 446 1229 si
466 1167 688 1250 conformavit,
703 1188 778 1230 vera
795 1176 864 1250 est,
886 1167 911 1229 si
929 1188 1004 1249 non,
1030 1168 1170 1229 narratio
1193 1168 1373 1232 necessario

246 1265 364 1353 rejecta
393 1268 514 1352 fuisset,
541 1279 694 1355 tanquam
721 1271 797 1333 actis
819 1269 1018 1351 authenticis,
1049 1269 1184 1352 publicis
1203 1277 1233 1332 et
1258 1271 1398 1333 coaevis-

247 1373 417 1435 contraria.
436 1372 466 1434 Si
490 1382 597 1435 autem
621 1394 693 1436 cum
716 1373 861 1457 pluribus
880 1371 1062 1435 auctoribus
1078 1380 1214 1456 ponatur
1231 1371 1373 1436 Samue-
1467 1418 1469 1420 -

246 1471 322 1554 lom,
338 1472 515 1536 Nathanem
532 1483 563 1537 et
579 1474 660 1557 Gad,
676 1473 756 1539 duos
769 1476 890 1559 priores
903 1474 1002 1537 libros
1016 1475 1248 1558 conscripsisse,
1267 1476 1371 1559 magis

246 1572 352 1637 adhuc
368 1576 573 1640 confirmatur
589 1586 696 1641 nostra
712 1579 853 1641 assertio.

288 1676 340 1739 10.
359 1678 516 1741 Praeterea
539 1689 650 1743 auctor
670 1679 783 1742 nullibi
801 1689 856 1743 aut
876 1677 978 1742 studio
997 1681 1136 1764 partium
1156 1678 1294 1763 ducitur,
1311 1688 1369 1743 aut

244 1780 345 1863 gentis
367 1801 477 1845 amore
500 1783 622 1866 rapitur
647 1780 687 1845 ad
711 1781 933 1867 exaggeranda
951 1804 988 1846 ea
1009 1803 1079 1868 quae
1099 1784 1131 1845 in
1148 1781 1216 1868 ejus
1235 1780 1366 1846 laudem

244 1894 377 1967 vergunt
395 1893 426 1947 et
443 1884 616 1948 minuenda
633 1907 671 1949 ea
687 1906 758 1972 quae
774 1886 892 1949 suntin
913 1886 1130 1969 contrarium;
1154 1884 1209 1949 sed
1224 1886 1366 1948 veritatis

242 1985 285 2047 ita
309 1985 483 2050 studiosum
502 2009 534 2051 se
551 1987 681 2074 praebet,
703 1998 738 2052 ut
754 1988 893 2051 maximo
911 1988 1009 2051 animi
1031 1987 1169 2052 candore
1188 1988 1306 2050 referat
1324 2008 1363 2051 ea

242 2090 362 2172 quaein
385 2092 486 2175 gentis
504 2111 566 2154 suae
585 2091 805 2155 confusionem
821 2100 851 2154 et
868 2091 1077 2176 opprobrium
1098 2091 1229 2174 iaciunt,
1255 2090 1364 2175 qualia

241 2203 312 2257 sunt
330 2195 538 2260 homicidium
554 2205 584 2260 et
598 2196 791 2260 adulterium
811 2195 951 2279 DavidiS,
971 2196 1150 2261 idololatria
1170 2198 1361 2279 Salomonis,

239 2296 337 2379 impia
354 2298 494 2381 plurium
512 2319 624 2382 regum
642 2299 797 2363 facinora.
808 2299 891 2362 Sane
911 2300 966 2384 qui
984 2299 1103 2384 fingere
1123 2299 1259 2364 studete
1275 2302 1362 2364 reci-

239 2399 342 2491 tandis
356 2400 540 2486 hujusmodi
554 2401 679 2484 probris
695 2401 806 2466 sedulo
823 2402 970 2466 abstinet.

258 2502 335 2601 (tt.
352 2503 462 2565 Merito
475 2489 635 2598 igiturfilii
648 2502 721 2566 libri
738 2506 819 2567 sacri
836 2505 948 2589 saepius
964 2506 1104 2591 allegant
1121 2507 1205 2571 facta
1221 2508 1254 2571 in
1272 2509 1362 2572 libris

238 2606 363 2689 Regum
377 2616 516 2688 narrata,
531 2615 684 2692 tauquam
699 2609 828 2671 omnino
849 2630 939 2698 vera,
954 2608 1361 2700 etadssrthvao-

238 2716 311 2771 cant
340 2718 392 2770 tan
417 2730 492 2771 uam
511 2708 558 2781 „ad
586 2709 683 2785 libros
708 2687 867 2803 divinos]
876 2711 927 2774 Sic
959 2721 1070 2775 auctor
1091 2713 1362 2798 Paralipomenon

236 2731 819 2876 rriuffassxfliiff‘aefllihnsmtsaffii
834 2835 873 2876 ex
896 2813 1009 2877 eodem
1034 2815 1121 2900 fonte
1138 2816 1335 2901 deprompsit
1349 2843 1358 2901 3

238 2916 338 2978 multa
358 2916 477 3000 pariter
503 2915 658 2979 librorum
678 2917 803 3000 Regum
828 2917 913 2980 facta
936 2918 969 2980 in
986 2918 1119 2981 Psalmis
1143 2919 1356 3005 celebrantur,

238 3034 268 3087 et
283 3024 333 3086 isti
345 3022 462 3085 Psalmi
478 3021 603 3085 obscuri
616 3020 710 3084 valde
724 3021 847 3103 fierent,
862 3023 973 3085 nisiex
988 3023 1050 3087 hac
1063 3025 1242 3088 narratione
1255 3029 1360 3110 expli-

237 3135 385 3189 carentur
402 3125 462 3208 (2).
477 3122 628 3208 Ejusdem
644 3124 781 3186 historiae
800 3123 1025 3209 compendium
1050 3124 1213 3211 quoddam
1238 3128 1358 3192 faciens

235 3229 472 3293 Ecclesiasticus
489 3237 500 3312 t
502 3227 547 3310 5),
563 3225 711 3290 laudibus
727 3228 847 3290 extollit
863 3228 1016 3311 praeolara
1032 3228 1199 3311 Samuelis,
1214 3229 1355 3313 Davidis,

267 3463 301 3526 (t)
314 3464 355 3513 ltI
367 3463 424 3528 hep.
439 3463 481 3523 XI,
493 3463 522 3511 11
534 3478 540 3524 ;
552 3462 613 3521 XIV,
628 3463 669 3522 19,
681 3462 722 3512 (19.
738 3462 789 3512 Ch.
807 3462 848 3512 III
860 3463 919 3526 Rep.
929 3463 980 3522 XV,
993 3465 1018 3523 7,
1030 3463 1071 3522 25,
1084 3465 1113 3513 51
1125 3483 1131 3522 ;
1148 3462 1210 3526 XVI,
1221 3464 1246 3522 ὅ,
1260 3465 1300 3525 II,
1311 3464 1354 3525 ⁶20,

233 3546 263 3595 ⁶27
275 3561 282 3608 3
294 3544 368 3602 XXII,
381 3545 422 3604 59,
435 3544 480 3602 463
497 3544 535 3593 IV
545 3544 634 3616 Remi,
653 3543 937 3604 183v111,25;x,5t;
955 3543 1016 3604 XIV,
1033 3543 1080 3603 283
1098 3545 1149 3601 XV,
1168 3544 1215 3605 56;
1235 3545 1286 3605 XX,
1304 3545 1353 3608 203

232 3630 247 3678 I
260 3628 348 3676 Pora'.
364 3626 448 3684 XXIX,
461 3626 502 3684 29;
516 3627 542 3675 II
557 3626 649 3676 Pouet.
663 3626 704 3686 lX,
715 3625 758 3689 29³
770 3625 834 3683 XIII,
846 3625 888 3687 223
898 3626 949 3687 XX,
969 3627 1010 3687 5⁴3
1025 3627 1109 3686 XXVI,
1124 3626 1169 3687 am
1184 3626 1290 3688 XXXIII,
1305 3629 1352 3691 193

232 3717 281 3760 eto.
299 3712 358 3759 Sive
376 3716 460 3760 autem
472 3709 512 3759 Isti
530 3711 631 3760 annates
648 3708 742 3759 tuerint
754 3709 811 3758 libri
826 3709 942 3771 separati,
956 3709 991 3758 ita
1003 3716 1032 3758 ut
1042 3709 1167 3771 cujusque
1183 3710 1253 3771 regni
1268 3716 1353 3760 exsta-

231 3800 288 3843 rent
304 3792 404 3842 annates
423 3791 526 3854 proprii,
539 3792 592 3840 sive
609 3805 688 3841 unum
709 3791 839 3840 dumtaxat
858 3789 949 3838 tibrum
970 3801 1000 3838 ex
1016 3790 1174 3840 documentis
1187 3791 1274 3841 coaevis
1291 3804 1353 3840 con-

230 3881 337 3925 stantem
350 3876 508 3923 efformarent
521 3890 527 3935 ;
544 3887 711 3936 quoecumque
723 3873 871 3922 admittatur
880 3871 1015 3929 sententia,
1027 3884 1114 3920 eorum
1128 3872 1263 3922 auotoritas
1274 3871 1353 3922 histo·
1384 3895 1387 3900 ·

230 3956 281 4005 rica
291 3955 411 4005 infirmari
424 3955 522 4017 nequit.

261 4036 297 4099 (2)
307 4036 359 4086 Ch.
372 4036 444 4086 Prot.
458 4037 546 4087 IIcum
558 4036 586 4088 u
595 4037 656 4101 lton.
668 4036 719 4096 XV,
733 4037 772 4093 th
785 4036 855 4085 Prot.
871 4034 913 4085 VII
924 4047 982 4084 cum
995 4035 1019 4084 11
1029 4035 1087 4100 Itep.
1100 4035 1162 4095 XVI;
1180 4035 1249 4086 Psot.
1261 4036 1280 4086 L
1291 4048 1351 4089 cum

226 4119 253 4169 II
274 4119 332 4182 Rep.
347 4118 399 4177 XII;
413 4119 485 4169 Psat.
501 4120 530 4168 LI
543 4120 628 4171 euml
646 4119 704 4183 Rop.
722 4118 797 4178 XXII,
811 4118 837 4179 93
857 4117 927 4167 Psat.
947 4116 1009 4177 LIII,
1031 4117 1081 4178 LV,
1100 4118 1174 4168 LVIII
1188 4132 1247 4169 cum
1260 4119 1275 4168 I
1289 4119 1349 4187 hep.
1390 4158 1394 4165 .

226 4200 290 4260 XIX,
304 4201 344 4262 113
359 4201 423 4262 XXI,
436 4201 476 4264 th
493 4201 568 4264 XXII,
588 4202 618 4267 13
636 4199 722 4262 XXIII,
741 4200 772 4251 19
793 4206 843 4251 eto.
859 4200 974 4250 Psatmus
987 4199 1050 4251 XVII
1067 4202 1165 4265 integre
1185 4202 1307 4254 recitatur
1322 4205 1349 4256 in

227 4283 253 4334 It
264 4282 323 4349 ltep.
336 4283 409 4333 XXII.

260 4366 295 4431 (ὅ)
308 4366 379 4417 Ereti
388 4366 538 4418 XLI-XLVI.
