3168 4948
279 285 354 327 mas
369 284 404 329 11.
421 285 514 328 curor
529 287 576 331 nr.
592 286 630 328 nn
643 285 766 330 omerus
779 288 814 329 ar
828 286 986 330 auaroarr.
1001 287 1043 330 ιν.
1060 287 1188 331 avarae.
1235 264 1298 329 269

174 379 342 445 historiam
374 384 592 467 evangelicam
620 383 817 451 irridentem.
843 385 966 469 Porro,
999 388 1055 450 etsi
1079 387 1186 452 Celsus
1208 387 1240 449 in
1263 386 1300 449 iis

173 502 246 567 quar
274 481 367 546 nobis
386 495 508 548 servata
533 495 617 568 sunt,
643 488 773 550 uomina
796 489 1069 572 Evangelistarum
1093 511 1156 553 non
1180 487 1298 574 prodit,

173 594 329 668 provocat
345 595 451 649 tamen
468 586 510 651 ad
535 611 569 651 ea
584 610 651 674 quae
671 590 746 653 lesu
767 589 911 674 discipuli
931 594 1117 675 scripserant
1140 590 1300 676 audetque

174 685 362 750 christianos
382 708 533 753 accusare
554 687 640 775 quod
661 692 862 775 corruperint
879 703 1044 756 contextam
1070 692 1240 777 Evangelii,
1262 712 1299 754 oo

174 785 243 873 ipso
268 788 421 854 confitens
444 791 651 877 Evangelium
675 813 694 855 a
717 792 829 857 Christi
854 791 1016 879 discipulis
1041 796 1136 859 luisse
1157 794 1300 858 conscri-

175 899 267 975 ptum
284 893 344 976 (1).

221 994 273 1057 48.
292 994 400 1079 Pergit
415 996 522 1061 Celsus
539 1008 570 1061 ct
584 997 770 1061 christianos
791 997 851 1061 sub
862 996 962 1083 judaei
978 1019 1113 1084 persona
1137 995 1300 1061 irridendo

176 1105 335 1159 memorat
347 1098 543 1163 nativitatem
554 1100 572 1163 J
575 1121 630 1163 esu
642 1100 674 1163 in
688 1100 758 1164 vico
767 1097 912 1185 judaico,
928 1098 1101 1185 etquidem
1114 1121 1153 1162 ex
1164 1098 1298 1183 virgine,

176 1200 410 1282 apparitionem
429 1203 537 1287 stellae,
559 1202 778 1268 adorationem
797 1218 976 1288 magorum,
992 1202 1112 1268 caedem
1131 1203 1301 1267 infantium

176 1298 502 1385 Bethleemiticorum‚
528 1304 689 1388 sugamia
706 1304 877 1388 AEgyptum
904 1311 973 1387 post
988 1301 1238 1366 admonitionem
1259 1302 1302 1366 ab

177 1407 293 1491 angelo
310 1408 441 1474 laetam.
459 1410 565 1496 Carpit
582 1411 783 1475 insolentiam
801 1433 904 1475 eoram
920 1411 975 1496 qui
991 1409 1211 1494 genealogiam
1226 1405 1301 1468 Jesu

176 1517 357 1593 texuerunt,
378 1533 477 1597 quum
495 1513 586 1576 illum
602 1534 622 1577 a
639 1514 743 1598 primo
759 1513 888 1576 homine
904 1510 1153 1596 ludaeorumque
1173 1506 1302 1592 regibus

176 1611 349 1676 oriundum
374 1636 441 1679 esse
464 1618 672 1701 scripseram
691 1617 781 1702 quasi
810 1615 1003 1700 ignorasset,
1030 1614 1085 1697 ait,
1111 1611 1194 1676 labri
1221 1628 1302 1672 uxor

176 1722 265 1777 tanto
279 1736 311 1778 se
328 1736 445 1800 genere
461 1727 564 1782 ortam
582 1718 807 1804 (attremuit
824 1717 1023 1802 baptismatis
1039 1717 1113 1781 lesu
1131 1736 1150 1777 a
1164 1714 1300 1788 loanne,

178 1814 349 1879 descensus
373 1819 530 1882 columbae
563 1821 595 1884 in
628 1821 755 1905 ipsum,
779 1820 932 1905 vocisque·
954 1816 995 1881 de
1018 1818 1097 1882 coelo
1121 1815 1221 1877 filium
1245 1810 1302 1874 Dei

178 1915 384 2004 declarantis,
398 1922 628 1986 miraculorum
640 1944 658 1986 a
671 1922 793 1987 Christo
806 1928 1017 2006 patratorum,
1031 1928 1066 1982 ut
1078 1926 1150 1981 sunt
1164 1914 1304 1980 curatio--

178 2041 237 2084 nes
253 2021 453 2104 claudorum,
472 2046 640 2108 caecorum,
657 2024 872 2088 suscitationes
884 2031 1096 2102 mortuorum,
1112 2038 1182 2105 quae
1195 2016 1303 2081 omnia

178 2145 245 2187 non
259 2135 363 2210 negat,
381 2127 437 2190 sed
449 2129 604 2213 prestigiis
616 2137 650 2190 et
661 2126 794 2211 magicis
805 2124 926 2189 artibus
939 2121 1109 2187 tribuendo
1123 2118 1303 2184 calumnia·
1352 2204 1356 2213 Δ

142 2230 145 2238 ’
177 2235 232 2289 tur
257 2227 325 2312 (5),
355 2227 492 2315 denique
524 2229 765 2315 prophetiarum
787 2227 829 2292 ab
852 2225 966 2291 eodem
991 2224 1149 2290 editarum
1174 2221 1240 2284 sive
1262 2216 1303 2282 de

179 2328 360 2413 proditione
386 2331 477 2396 Judae
501 2341 533 2397 et
549 2333 716 2418 negatione
732 2332 829 2414 Petri,
857 2331 921 2394 sive
938 2328 982 2394 dc
1005 2324 1250 2413 pseudochristis
1274 2329 1304 2384 et
1360 2354 1363 2360 ·

87 2465 89 2470 ,
180 2429 467 2517 pseudoprophetis
487 2435 546 2520 qui
568 2434 693 2498 venturi
715 2442 788 2497 sunt
811 2441 842 2497 et
868 2430 1023 2496 miracula
1046 2426 1213 2514 patraturi,
1240 2424 1304 2487 sive

181 2528 224 2594 de
248 2553 304 2595 sua
328 2535 423 2618 ipsius
446 2557 465 2598 a
488 2536 620 2599 mortuis
644 2535 892 2616 resurreetione,
917 2530 1126 2619 pluribusque
1149 2527 1218 2590 aliis
1241 2523 1301 2611 (4).

182 2633 280 2696 Notas
303 2635 400 2699 hahet
418 2658 528 2701 omnes
550 2637 703 2721 passionis
721 2645 751 2699 et
767 2634 1006 2699 resurrectionis
1028 2626 1279 2696 circumstantias
1294 2648 1302 2704 ;

132 2792 137 2798 ,
182 2734 294 2801 irridet
319 2739 428 2803 Jesum
459 2741 492 2803 in
520 2741 612 2804 horto
642 2739 860 2825 agonizantem
887 2738 1073 2819 tristemque
1095 2732 1239 2811 factum,
1264 2726 1306 2791 ab

183 2838 326 2904 hostibus
343 2853 486 2927 captum,
504 2864 524 2906 a
538 2841 655 2906 ludaeis
675 2841 854 2906 convictum
870 2848 966 2924 atque
982 2836 1182 2914 damnatum,
1199 2831 1306 2915 flagris

183 2940 300 3008 deinde
332 2966 460 3029 cresum,
491 2967 564 3010 eum
590 2966 687 3032 quem
710 2943 872 3009 christiani
896 2939 1042 3025 captiosis
1064 2937 1194 3021 argutiis
1218 2932 1302 3013 freti,

184 3045 245 3126 ait,
273 3046 387 3111 Filium
411 3048 466 3111 Dei
491 3057 634 3112 asserunt
657 3046 823 3132 proprium
842 3064 913 3107 csse
936 3042 993 3106 Dei
1017 3038 1173 3106 Verbum.
1199 3036 1306 3119 Carpit

183 3147 386 3235 chlamydem
401 3152 595 3230 coccineam,
614 3169 766 3214 eoronam
778 3170 796 3211 e
808 3146 904 3232 spinis
916 3154 946 3208 et
959 3140 1147 3207 arundinem
1160 3141 1193 3202 in
1206 3159 1305 3201 manu

181 3248 258 3313 lesu
274 3251 467 3337 impositam.
482 3250 755 3337 Exprobratsitim
770 3249 883 3314 Christi
899 3249 930 3310 in
953 3266 1058 3327 cruce,
1074 3243 1118 3306 fel
1136 3251 1167 3305 et
1179 3248 1304 3304 acetum

182 3353 212 3416 ei
236 3365 430 3438 porrectum.
456 3357 657 3442 Figmentum
680 3353 757 3419 dicit
784 3363 876 3416 terrae
904 3359 1027 3415 motum
1051 3356 1081 3412 et
1103 3345 1250 3409 tenebras
1274 3353 1305 3407 ct

110 3462 112 3466 '
182 3477 296 3521 vocem
314 3461 473 3542 emissam,
489 3458 566 3523 dum
582 3459 673 3523 lesus
696 3466 873 3521 extremum
895 3454 1039 3539 spiritum
1063 3452 1095 3543 iu
1117 3469 1211 3512 cruce
1226 3445 1305 3511 red-

182 3557 281 3623 debat
292 3559 352 3645 (5).
368 3559 418 3625 Ad
432 3562 559 3625 fabulas
571 3568 699 3624 revocat
711 3555 798 3643 quod
811 3556 950 3620 Christus
962 3552 1169 3617 resurrexerit
1185 3570 1204 3613 a
1217 3569 1305 3611 mor-

181 3660 257 3744 tuis,
276 3662 364 3746 quod
379 3663 601 3728 monstraverit
622 3662 656 3725 in
672 3682 806 3746 corpore
824 3657 969 3744 supplicii
987 3664 1088 3736 notas,
1109 3654 1141 3715 in
1159 3650 1306 3713 manibus

184 3764 350 3829 clavorum
378 3766 519 3850 vestigia.
546 3762 688 3828 Tandem
708 3760 932 3826 animadvertit
949 3756 989 3823 ad
1010 3753 1214 3840 sepulchrum
1230 3752 1305 3815 Jesu

217 3985 253 4047 (1)
266 3983 395 4048 Origenes,
409 3983 509 4035 Contra
525 3982 590 4035 Cels.
604 3982 634 4043 11,
650 3983 688 4040 15,
704 3982 745 4041 15,
757 3979 799 4030 27.

191 4064 197 4079 '
216 4065 251 4128 (Ξ)
264 4065 329 4117 lato.
346 4065 365 4126 1,
378 4064 420 4126 28,
431 4067 473 4126 51,
488 4066 530 4127 to,
541 4066 582 4127 58,
594 4064 635 4125 at,
648 4063 689 4126 611;
704 4061 735 4124 ΙΙ,
747 4061 788 4112 51.

217 4151 252 4215 (3)
263 4150 301 4200 lla·
309 4154 326 4200 t.
341 4148 361 4209 l,
378 4144 419 4209 18,
434 4149 476 4209 58,
490 4149 531 4206 11;
546 4145 577 4208 11,
592 4148 633 4198 ts.
720 4204 728 4215 ¹

106 4269 110 4276 .
216 4233 252 4297 (1)
263 4232 328 4284 thid.
341 4231 372 4293 11,
385 4233 425 4292 ta,
444 4232 483 4293 15,
498 4232 537 4292 18,
555 4230 597 4291 aa,
612 4229 709 4289 115,111.

217 4316 252 4382 (5)
267 4316 331 4368 itia.
345 4314 427 4377 1111,
445 4315 485 4377 le,
502 4315 544 4377 31,
559 4313 601 4374 at,
612 4312 654 4374 511,
666 4313 707 4365 57.
