3168 4948
280 318 356 361 rans
369 319 404 361 11.
420 318 512 360 orror
524 319 572 360 111.
587 319 625 359 ou
641 318 764 361 omomu
775 321 810 362 er
822 320 981 363 suerernr.
997 321 1040 364 ιν.
1055 320 1184 366 evaneo
1232 303 1295 365 277

162 415 308 502 majora,
322 425 461 502 quatuor
484 425 589 480 nestra
609 416 794 501 Evangelia,
812 416 920 482 indeo
945 418 1141 503 temporibus
1164 428 1295 504 apesto-

164 520 253 600 licis,
271 528 449 582 constanter
472 520 505 582 in
525 518 673 582 omnibus
691 521 832 584 ecclesiis
853 520 895 584 ab
913 522 1067 584 universis
1082 521 1196 585 Christi
1212 520 1295 586 fide-

164 623 257 687 libus
269 624 363 687 fuisse
376 632 504 708 recepta
517 632 670 709 tanquam
684 625 902 688 authenticum
915 625 1063 707 Matthaei,
1079 626 1188 708 Marci,
1203 627 1296 690 Lucae

164 736 204 790 et
223 727 354 791 loannis
374 727 497 790 foetum.
525 727 618 791 Nulla
640 727 773 791 ecclesia
794 728 1007 812 particularis,
1033 729 1138 792 nullus
1162 729 1297 813 scriptor

164 830 342 915 antiquus,
368 828 454 893 aliud
478 832 608 914 agnovit
629 830 850 914 Evangelium.
878 830 934 893 His
958 838 1095 916 quatuor
1116 830 1297 914 Evangeliis

167 933 389 996 testimenium
411 933 554 1018 prestitit
576 933 709 995 ecclesia
740 933 970 996 Palaestinensis
991 953 1064 996 cum
1088 932 1120 995 S.
1147 933 1293 1015 iustine,

167 1057 249 1099 cum
267 1035 414 1119 Origene,
436 1056 509 1099 cum
527 1035 675 1118 Eusebio,
702 1035 899 1099 Antiocheno
924 1055 995 1098 cum
1019 1035 1165 1119 Ignatio,
1189 1036 1296 1099 Thce-

166 1140 262 1223 phile
279 1146 309 1202 et
321 1138 536 1222 Athenagora,
551 1137 749 1223 smyrnensis
766 1160 839 1202 cnm
852 1139 1040 1223 Polycarpe,
1055 1138 1294 1223 Hierapolitana

47 1270 52 1277 ·
165 1263 249 1307 cum
270 1243 392 1326 Papia,
417 1239 580 1305 Sardensis
604 1263 677 1305 cum
701 1242 873 1320 Melitene,
898 1242 1046 1305 Romana
1067 1262 1140 1304 cum
1162 1241 1196 1305 S.
1222 1241 1296 1304 Cle-

166 1354 303 1427 mente,
326 1343 545 1429 Lugdunensis
576 1365 650 1407 cum
673 1345 706 1407 S.
732 1346 873 1427 Irenaeo,
900 1343 1050 1407 Africana
1071 1365 1144 1407 cum
1170 1344 1297 1406 Tertul-

167 1449 273 1529 liano,
292 1445 508 1510 Alexondrina
527 1467 601 1511 cum
619 1446 792 1530 Clemente3
813 1467 923 1511 omncs
941 1442 1078 1530 denique
1097 1447 1190 1511 tetius
1212 1445 1297 1510 orbis

164 1550 315 1615 ecclesiae
342 1558 480 1635 quotuor
498 1550 682 1634 Evangelia,
700 1572 804 1636 neque
826 1550 919 1636 plura
946 1557 1000 1612 aut
1026 1550 1189 1635 pauciora,
1215 1571 1296 1613 con-

164 1654 269 1717 stanti
286 1650 454 1716 traditione
469 1663 686 1737 susceperunt.

220 1756 274 1820 66.
287 1756 383 1818 Tanta
398 1764 505 1818 autem
525 1755 586 1818 luit
599 1763 730 1841 tamque
744 1753 835 1819 firma
851 1757 920 1820 haec
936 1757 1141 1820 ecclesiarum
1156 1754 1295 1838 traditio,

166 1868 211 1922 ut
230 1858 334 1941 stipsi
354 1857 492 1920 haeretici
513 1856 729 1921 testimonium
750 1858 812 1921 illis
833 1857 1003 1922 redderent
1025 1867 1056 1920 et
1079 1858 1111 1920 in
1128 1858 1201 1940 illis,
1223 1880 1298 1921 cor-

168 1961 276 2044 ruptis
295 1969 406 2023 tamen
430 1969 461 2022 et
482 1960 633 2023 mutilatis
656 1970 711 2023 out
743 1961 963 2045 interpolatis,
993 1982 1083 2024 suam
1107 1971 1300 2025 conarentur

170 2066 304 2129 firmare
321 2063 511 2129 doctrinam.
531 2063 623 2146 Quod
651 2074 738 2128 recte
760 2063 830 2150 jam
851 2064 1041 2129 observabat
1061 2066 1198 2128 Irenaeus
1222 2065 1297 2150 (llz

171 2191 192 2227 e
211 2167 312 2230 Tanta
328 2176 387 2250 est,
407 2167 571 2252 inquiebat
587 2166 619 2229 S.
640 2167 768 2249 Deeter,
784 2168 868 2231 circa
882 2167 1053 2251 Evangelia
1067 2167 1135 2230 haec
1153 2166 1297 2248 firmitas,

168 2278 255 2334 utet
270 2269 329 2353 ipsi
343 2270 484 2333 haeretiei
504 2270 718 2333 testimonium
732 2267 868 2333 reddant
878 2270 936 2352 eis,
952 2278 982 2332 et
998 2291 1037 2332 ex
1047 2269 1123 2354 ipsis
1135 2268 1300 2353 egrediens

169 2373 394 2456 unusquisque
409 2392 519 2434 eorum
535 2379 667 2435 conetur
681 2392 770 2435 suam
784 2371 975 2436 confirmare
993 2369 1184 2435 doctrinam.
1202 2370 1300 2434 Ebio-

170 2475 237 2539 naei
253 2496 290 2537 ee
307 2474 491 2559 Evangelio,
510 2472 598 2560 quod
615 2484 661 2537 est
676 2472 854 2537 secundum
871 2475 1064 2557 Matthaeum,
1080 2475 1147 2538 sole
1162 2483 1298 2555 utentes,

169 2600 217 2642 ex
241 2577 309 2661 ipso
333 2578 388 2641 illo
413 2577 645 2641 convineuntur
662 2597 726 2641 non
741 2587 826 2641 recte
842 2587 1069 2663 presumentes
1090 2574 1132 2640 de
1150 2577 1298 2640 Domine.

171 2680 317 2745 Marcion
335 2688 442 2743 autern
468 2677 502 2742 id
529 2678 617 2764 qued
645 2689 692 2743 est
714 2678 890 2744 secundum
914 2681 1034 2743 Lucam
1056 2677 1298 2760 circumcidcm,

170 2805 217 2847 ex
234 2783 283 2846 his
297 2804 370 2868 quae
382 2779 491 2846 adhuc
505 2792 674 2846 servantur
689 2803 787 2867 penes
807 2803 894 2866 eum,
917 2780 1123 2866 blasphemus
1143 2783 1177 2844 in
1196 2783 1301 2846 sulum

172 2886 362 2950 existentem
385 2886 488 2948 Deum
503 2882 699 2975 ostenditur.
726 2884 787 2965 Qui
820 2893 927 2948 autem
959 2883 1068 2947 Jesum
1099 2893 1249 2968 separant
1282 2906 1301 2947 a

170 2987 311 3071 Christo,
329 2996 361 3050 et
383 2987 612 3072 impossibilem
639 3006 857 3071 perseverasse
881 2986 1052 3069 Christum,
1072 3006 1201 3069 passum
1223 3007 1301 3048 vero

170 3092 286 3154 Jesum
314 3088 438 3172 dieunt,
469 3088 502 3153 id
530 3088 619 3175 quod
642 3087 820 3152 secundum
848 3090 992 3153 Marcum
1022 3097 1069 3152 cst
1096 3088 1304 3173 preferentes

174 3195 400 3278 Evangelium,
419 3214 494 3257 cum
514 3214 624 3257 amore
647 3193 786 3257 veritatis
813 3193 953 3276 legentes
980 3190 1060 3254 illud
1083 3191 1200 3278 corrigi
1223 3213 1302 3276 pos-

173 3305 260 3361 sunt.
281 3296 323 3359 lli
347 3305 452 3360 autom
473 3297 527 3382 qui
548 3317 567 3359 a
587 3294 755 3361 Valentino
780 3305 864 3378 sunt,
887 3316 924 3359 ee
948 3291 1036 3380 qued
1059 3301 1104 3357 est
1126 3292 1302 3358 secundum

172 3400 335 3463 loannem
358 3398 539 3483 plenissime
560 3406 708 3480 utentes,
734 3396 777 3461 ad
801 3398 1012 3461 ostensionem
1042 3392 1302 3482 conjugationum

175 3523 322 3585 suarum,
337 3523 376 3565 ex
387 3502 456 3586 ipso
469 3498 656 3586 detegentur
668 3500 747 3564 nihil
759 3510 845 3564 recte
857 3499 1011 3582 dicentes,
1028 3497 1302 3617 quemadmodum

176 3551 410 3669 ostendimus
401 3605 559 3688 inprime
583 3604 677 3667 libro.
703 3603 782 3668 Cum
805 3625 880 3689 erge
904 3605 956 3686 hi,
983 3603 1037 3688 qui
1069 3601 1302 3707 contradicunt,

176 3707 272 3774 nobis
287 3706 502 3772 testimenium
519 3706 720 3791 perhibeant,
738 3716 769 3770 et
783 3715 913 3772 utantur
928 3707 989 3789 his,
1007 3681 1100 3768 firm'u
1118 3713 1148 3768 et
1166 3726 1242 3769 vera
1258 3715 1303 3768 cst

177 3821 289 3876 nostra
305 3810 346 3874 de
366 3809 428 3873 illis
443 3809 592 3873 ostensio
610 3835 624 3869 »

222 3914 278 3978 67.
304 3915 475 3978 Possumus
508 3913 660 3997 negativae
695 3914 810 3978 eriticae
820 3909 1016 4000 discipules
1039 3911 1088 3973 his
1112 3910 1313 3994 compellere

178 4016 287 4085 verbis
302 4015 468 4104 quibusS.
486 4014 729 4102 Augustinus&
730 3992 950 4100 >Manichaeos
965 4010 1156 4099 premebat:
1179 4013 1306 4077 «Infe-

214 4261 250 4325 (l)
266 4262 365 4314 contro
378 4261 441 4312 hor.
455 4259 496 4321 lll,
512 4259 553 4321 lll,
567 4261 592 4310 7.

215 4342 363 4409 (beurere
379 4343 502 4394 Faustum
518 4342 562 4394 lib.
577 4338 685 4404 lllllllll,
700 4352 755 4405 cap.
769 4340 794 4392 d.
