3132 4964
278 269 341 333 152
408 269 412 274 ’
503 291 704 334 1nruonucr1o
722 290 868 333 sonemus
885 289 918 330 m
935 289 961 332 s.
980 288 1179 331 semrrnnsu.

276 401 341 453 tem
354 390 473 473 (llaitz
491 413 504 447 ι(
521 389 583 452 Alii
596 411 672 453 vero
685 388 762 471 duo,
773 408 911 475 quorum
923 409 1005 451 unus
1018 388 1192 472 Sapientia,
1205 390 1285 452 alter
1298 390 1414 452 Eccle-

276 493 417 555 siasticus
438 491 565 575 dicitur,
584 502 715 577 propter
739 492 856 576 eloquii
880 491 1068 554 nonnullam
1093 478 1345 575 similitudinem,
1368 500 1415 554 ut

276 594 456 658 Salomonis
471 592 620 675 dicantur
636 593 772 657 obtinuit
784 591 994 675 eonsuetud03
1012 613 1077 656 non
1097 601 1205 656 autem
1223 594 1321 678 ipsius
1338 613 1414 656 esse

277 717 343 759 non
356 693 502 758 dubitant
514 692 682 760 doctiores.
701 722 716 756 r
730 696 768 758 Et
780 716 905 776 revera,
922 696 948 758 si
959 695 1012 758 hic
1026 695 1108 758 liber
1119 695 1298 758 Salomonis
1311 703 1410 778 esset,

278 799 400 883 utique,
429 799 531 883 inquit
545 798 739 862 Corneliusa
755 795 875 882 lapide
889 796 949 883 (2),
964 797 1107 861 Hebraeis
1122 798 1232 862 fuisset
1247 798 1411 882 cognitus,

279 910 310 962 et
326 901 358 962 in
382 921 503 963 canona
527 900 560 963 S.
586 901 754 984 Scriptura
770 900 906 984 positus3
927 897 998 986 jam
1019 908 1128 967 autem
1146 921 1206 964 nec
1229 901 1260 964 in
1282 920 1413 964 canone

278 1002 408 1065 hebraeo
425 1011 482 1085 est,
501 1024 560 1066 nec
582 1002 734 1065 hebraice
758 1002 815 1065 ulli
833 1001 917 1065 visus
933 1001 1004 1065 fuit.
1022 1003 1090 1065 Imo
1109 999 1233 1065 indoles
1251 1002 1414 1066 sermonis

279 1105 398 1170 indicat
425 1095 544 1169 librum
561 1127 663 1190 graece
682 1106 836 1193 scriptum
855 1105 962 1168 luisse.
980 1103 1058 1182 Ideo
1075 1113 1195 1188 autem,
1213 1103 1306 1190 juxta
1323 1105 1415 1171 vin-

280 1211 367 1274 ccnzi
379 1209 439 1293 (5),
450 1209 629 1272 Salomonis
641 1207 744 1271 dictus
758 1208 853 1270 fucrit
865 1208 922 1271 iste
935 1207 1029 1290 liber,
1039 1208 1112 1294 quia
1127 1229 1166 1270 ex
1178 1208 1267 1272 libris
1278 1209 1415 1293 sapien-

280 1312 323 1375 tia
346 1312 525 1375 Salomonis
547 1311 684 1393 refertis,
707 1331 793 1374 nunc
815 1319 922 1373 autem
945 1310 1062 1394 partim
1087 1308 1416 1395 deperditis-auctor

281 1414 460 1477 doctrinam
476 1433 566 1475 suam
582 1412 732 1492 hauserit.
750 1412 842 1475 Falso
858 1413 977 1496 pariter
993 1412 1119 1475 Philoni
1134 1409 1256 1497 Judaeo,
1274 1413 1330 1499 qui
1347 1412 1416 1477 sub

281 1515 355 1578 Caio
371 1514 512 1599 Caligula
530 1515 626 1598 paulo
643 1523 713 1599 post
733 1513 892 1577 Christum
908 1514 1047 1597 vivebat,
1068 1513 1149 1578 liber
1164 1514 1331 1599 Sapientia
1346 1516 1416 1579 tri-

281 1618 376 1682 butus
392 1618 462 1682 fuit.
483 1617 563 1680 Nam
577 1637 650 1681 cum
663 1618 721 1680 iste
733 1616 824 1679 Philo
837 1615 973 1680 infidelis
986 1625 1017 1680 el-
1034 1619 1178 1701 pertinax
1194 1618 1227 1680 in
1242 1616 1414 1681 ludaismo

281 1729 504 1805 postmortem
529 1719 642 1783 Christi
667 1720 888 1803 permanserit,
912 1719 1102 1783 canonicum
1127 1718 1245 1782 librum
1269 1719 1416 1784 scribere

281 1824 472 1909 nequiverit.
491 1824 600 1886 Patres
613 1824 668 1908 qui
685 1833 852 1886 recensent
867 1845 966 1907 opera
980 1824 1134 1906 Philonis,
1149 1832 1185 1886 ut
1195 1823 1414 1908 Hieronymus

282 1936 313 1989 et
333 1925 498 2008 Eusebius,
516 1927 553 1989 iis
569 1947 736 2010 nunquam
754 1937 1007 1990 annumerarunt
1023 1927 1230 2012 Sapientiam.
1251 1927 1415 1990 Praeterea

281 2030 422 2093 Ecclesia
438 2030 517 2093 alios
532 2029 673 2092 Philonis
688 2028 787 2092 libros
806 2051 869 2092 non
892 2031 1024 2113 recepit,
1042 2051 1099 2093 cur
1120 2050 1195 2114 ergo
1211 2029 1414 2114 Sapientiam

283 2131 476 2217 recepisset?
499 2132 564 2195 Nec
588 2130 757 2195 difficultas
782 2132 858 2195 oriri
876 2140 979 2217 potest
993 2154 1031 2196 ex
1056 2154 1093 2195 eo
1118 2131 1205 2217 quod
1230 2132 1414 2216 reperiatur

284 2236 431 2320 quaedam
448 2233 620 2299 similitudo
637 2236 719 2298 inter
738 2234 918 2300 doctrinam
934 2236 1076 2300 Philonis
1091 2245 1122 2301 et
1141 2235 1320 2300 doctrinam
1334 2235 1414 2300 libri

283 2339 462 2422 Sapientia.
481 2339 574 2420 Nam,
604 2358 678 2401 cum
701 2338 793 2401 Philo
817 2338 946 2402 iudaeus
966 2349 1047 2403 esset
1062 2349 1094 2404 et
1111 2341 1144 2404 in
1161 2340 1330 2424 Scripturis
1346 2361 1414 2425 ap-

280 2442 384 2524 prime
402 2449 556 2522 versatus,
572 2441 690 2503 mirum
706 2439 809 2504 videri
835 2463 899 2505 non
916 2440 1013 2505 dehet
1025 2443 1129 2528 ipsum
1145 2443 1239 2528 plura
1257 2441 1414 2507 doctrinae

283 2545 387 2626 capita
403 2565 443 2606 ex
467 2542 550 2606 libro
575 2543 743 2627 Sapientia
760 2544 901 2608 hausisse
920 2544 1066 2630 adeoque
1085 2545 1259 2632 quamdam
1275 2547 1414 2630 reperiri

281 2645 520 2708 similitudinem
536 2646 619 2708 inter
644 2644 824 2710 doctrinam
848 2648 989 2712 Philonis
1010 2659 1039 2712 et
1060 2648 1239 2730 doctrinam
1257 2649 1331 2712 libri
1346 2649 1414 2712 Sa-

281 2749 418 2833 pientiae.
449 2747 630 2813 Adversarii
649 2758 757 2813 tamen
786 2749 879 2814 lateri
906 2749 1026 2815 dehent
1049 2753 1183 2816 multam
1208 2752 1304 2817 etiam
1326 2743 1414 2816 inter

282 2861 454 2937 utrumque
477 2851 612 2915 inveniri
637 2850 895 2937 discrepantiam.
915 2855 1075 2919 Sententia
1102 2865 1209 2920 autem
1225 2839 1297 2943 quae
1319 2854 1414 2941 fingit

242 3038 245 3045 .
282 2954 390 3038 plures
418 2953 586 3038 Sapientiae
614 2962 759 3018 auctores
780 2956 867 3018 omni
893 2956 1102 3021 fundamento
1126 2966 1213 3022 caret
1239 2968 1271 3021 ct
1298 2965 1413 3023 contra

171 3047 255 3197 W]
283 3058 515 3120 connexionem
540 3056 741 3141 ,singularum
769 3057 842 3122 libri
870 3059 1011 3143 partimn
1037 3068 1150 3143 peccat
1177 3088 1181 3103 ·
1218 3068 1287 3123 ecte
1313 3059 1413 3143 igitur

63 3048 172 3195 ἃ]
202 3180 204 3184 ·
283 3158 504 3222 concludimus
517 3181 591 3223 cum
605 3159 916 3252 Cor-opuelibaide
929 3171 960 3225 et
972 3161 1041 3225 aliis
1055 3163 1211 3225 incertum
1224 3169 1414 3226 esseauclo-

202 3261 205 3268 '
282 3281 353 3323 rem
368 3261 441 3325 libri
459 3262 626 3426 saliam
642 3287 650 3344 3
663 3263 963 3353 probabile-tamen
979 3274 1026 3328 cst
1050 3264 1169 3327 librum
1193 3264 1413 3349 conscriptum

283 3384 349 3427 esse
367 3385 387 3426 a
402 3363 514 3427 Judaeo
562 3365 706 3428 ellenista
724 3365 809 3430 circa
824 3375 970 3451 tempora
988 3365 1163 3431 Alexandri
1179 3369 1297 3452 Magni,
1318 3377 1413 3452 post-

284 3485 382 3550 quam
398 3465 556 3529 lihrorum
575 3488 739 3530 sacrorum
754 3490 856 3532 canon
873 3469 1036 3532 absolutus
1054 3451 1163 3571 erat]

327 3567 359 3630 6.
377 3569 542 3632 Divinitas.
562 3569 722 3653 Sapientia
739 3591 803 3634 non
828 3580 1015 3635 numeratur
1037 3573 1120 3636 inter
1141 3572 1239 3636 libros
1256 3582 1415 3658 protoca-

284 3671 427 3753 nonicos,
437 3670 544 3735 divina
557 3681 665 3736 lamen
678 3683 724 3736 est
736 3682 767 3736 et
779 3675 943 3739 canonica.
958 3674 1040 3738 Nam
1056 3685 1286 3740 annumeratur
1297 3679 1412 3743 ceteris

284 3775 373 3838 libris
386 3775 482 3837 sacris
499 3776 532 3837 in
544 3778 689 3840 versione
701 3776 785 3840 LXX
798 3786 841 3860 et,
857 3779 1004 3862 quamvis
1016 3776 1132 3842 diserte
1149 3801 1213 3843 non
1228 3781 1411 3845 nominetur

316 4073 397 4207 (pne
407 4075 485 4126 creat.
497 4075 570 4126 nar.
582 4074 656 4137 xvv,
667 4089 690 4126 e.
703 4075 744 4126 ao.
756 4075 810 4134 co.
822 4076 859 4128 ne
872 4079 954 4129 uoczr.
965 4077 1056 4130 conse.
1068 4079 1086 4129 1.
1103 4078 1135 4141 u,
1149 4093 1171 4131 ο.
1183 4081 1208 4141 a
1222 4066 1333 4130 naras.
1345 4080 1365 4143 ¹,-
1379 4079 1410 4131 n.

273 4168 307 4206 '00
339 4194 346 4207 .

318 4237 354 4302 (2)
365 4238 447 4303 Pras.
466 4240 496 4289 tn
508 4240 573 4304 Sap.

317 4319 352 4385 (5)
363 4321 450 4373 Sessio
465 4322 480 4372 1
483 4323 507 4369 V
516 4323 627 4427 concilii
640 4323 752 4374 Trident.
764 4325 897 4419 vindicata
909 4339 935 4389 p.
947 4327 971 4390 5,
985 4340 1056 4392 prop.
1069 4329 1108 4388 lt
1119 4329 1144 4381 8.

407 4404 422 4445 ἶ
557 4408 561 4435 l
621 4406 626 4431 l
731 4414 737 4433 ι
792 4412 812 4432 ι»
1064 4398 1075 4441 l
1251 4386 1257 4419 i
1314 4362 1397 4481 ast

341 4425 392 4498 >k-
424 4446 515 4483 fuse·
545 4452 605 4489 „.·÷.
674 4464 732 4498 ψ
777 4464 803 4495 rr
883 4461 904 4501 ,ι
949 4468 962 4500 g
1001 4464 1027 4495 ,a
1051 4402 1314 4499 {24¹5deae

666 4528 714 4566 sp.
776 4537 792 4557 f·
921 4530 928 4555 i

585 4566 703 4619 ΗΜΛ
771 4568 811 4619 'inp
