3142 4964
306 293 347 357 16
394 284 396 289 ’
523 314 723 358 manooucrxo
742 315 889 358 sermons
905 316 939 357 m
957 315 982 358 s.
1003 315 1203 364 scurrruxxu.

280 462 282 467 ,
305 413 475 478 fabricavit
492 435 552 477 nec
580 435 655 477 eum
681 436 720 476 ex
737 412 937 478 documentis
960 414 1137 482 Elohisticis
1156 429 1211 484 ant
1232 420 1432 485 Jehcvistieis

305 518 476 603 compegit.
503 517 597 600 Nam,
617 517 802 581 intestibus
823 518 926 581 allatis
946 519 1071 582 nullum
1087 518 1128 585 de
1148 522 1214 586 istis
1230 521 1432 590 documentis

303 620 438 685 verbum
457 619 606 704 habetur,
624 618 679 683 sed
701 621 887 705 simpliciter
910 643 1014 686 sermo
1039 622 1074 686 fit
1095 623 1136 688 de
1159 626 1242 711 Lege
1260 629 1369 714 Moysi,
1388 627 1430 708 de

295 724 398 788 Libro
415 724 523 809 Moysi.
593 798 596 802 Α

344 828 397 890 24.
418 826 621 910 Quapropter
632 826 686 890 alii
702 826 931 909 Rationalistae,
943 827 1065 911 Ewald,
1079 830 1125 894 Ile
1142 833 1260 916 Wette‚
1276 834 1427 916 Kuenen,

300 929 554 994 Pentateuchum
567 929 863 1013 intempore-teste
875 940 1046 1014 reponunt,
1062 941 1093 996 et
1104 934 1188 997 hanc
1201 955 1292 998 suam
1305 944 1429 999 senten·

300 1034 377 1096 tiam
393 1031 523 1096 firmare
539 1028 665 1095 student
684 1052 722 1094 ex
742 1032 779 1095 iis
796 1053 867 1119 quae
887 1033 919 1095 in
944 1032 1034 1097 libris
1057 1035 1183 1120 Regum
1208 1046 1238 1099 et
1258 1036 1429 1121 Paralipo-

300 1157 418 1200 menon
438 1134 486 1220 (l)
503 1143 673 1197 narrantur
690 1132 730 1196 de
753 1144 879 1219 reperto
904 1136 995 1219 Legis
1014 1138 1176 1201 volumine
1194 1140 1228 1202 in
1247 1142 1367 1224 templo
1384 1138 1429 1202 ab

299 1238 411 1303 Heleia
423 1235 600 1301 sacerdote.
615 1237 735 1302 Volunt
748 1238 833 1300 enim
847 1238 1016 1302 lectionem
1031 1238 1127 1325 hujus
1143 1241 1217 1306 libri
1231 1240 1303 1306 ideo
1316 1263 1426 1326 rogem

284 1336 330 1405 'et
353 1341 509 1427 populum
526 1339 568 1403 ad
592 1340 809 1424 poenitentiam
833 1339 1006 1425 induxisse,
1027 1342 1115 1428 quod
1131 1353 1226 1409 autea
1249 1344 1331 1409 liber
1352 1344 1427 1429 ipsis

298 1466 364 1509 non
384 1445 581 1526 innotuisset,
597 1443 716 1507 librum
729 1465 806 1508 vcro
823 1466 887 1508 non
903 1445 1088 1530 innotuisse,
1103 1450 1178 1532 qnia
1194 1470 1258 1512 non
1275 1456 1422 1512 exstaret.

297 1547 360 1612 Sed
376 1547 571 1612 contrarium
589 1556 723 1631 apparet
738 1568 777 1609 ex
794 1546 862 1631 ipsa
875 1550 1070 1630 narratione,
1084 1549 1117 1611 in
1134 1570 1198 1635 qua
1213 1550 1283 1614 haec
1296 1549 1425 1613 haben-

296 1661 359 1733 tur.
381 1650 475 1714 Anno
499 1648 625 1714 decimo
646 1658 758 1713 octavo
782 1649 867 1733 regis
887 1650 993 1733 Josiae,
1014 1672 1112 1736 quum
1130 1651 1266 1715 artifices
1290 1650 1423 1715 aedificia

296 1754 407 1839 templi
430 1754 655 1835 instaurarent,
681 1751 809 1815 Helcias
831 1753 975 1835 pontifex
997 1753 1116 1838 reperit
1139 1753 1257 1817 librum
1275 1753 1366 1837 Legis
1389 1753 1422 1816 in

295 1854 392 1920 domo
408 1854 541 1918 Domini
551 1862 581 1916 et
597 1854 640 1917 ait
653 1852 694 1917 ad
707 1853 837 1937 Saphan
849 1854 1011 1918 scribam:
1034 1880 1049 1914 «
1068 1856 1186 1920 librum
1204 1858 1295 1941 Legis
1312 1857 1419 1922 inveni

294 1959 327 2021 in
351 1957 461 2021 domo>
475 1956 625 2020 Domini:
648 1981 662 2015 n
685 1965 716 2019 ct
737 1953 867 2019 tradidit
884 1956 924 2020 ei.
950 1955 991 2019 At
1013 1957 1067 2020 ille
1085 1958 1191 2022 intulit
1210 1959 1361 2023 volumen
1374 1956 1418 2022 ad

293 2082 401 2145 rogem
421 2061 513 2145 eique
534 2058 689 2122 recitavit.
715 2057 833 2121 Audita
857 2058 1004 2139 lectione,
1030 2081 1086 2122 rex
1108 2060 1290 2144 poenitentia
1314 2070 1419 2124 motus

294 2165 498 2249 congregavit
519 2163 552 2224 in
576 2162 696 2245 templo
717 2160 909 2243 sacerdotes,
926 2162 1041 2225 levitas*
1053 2183 1247 2248 omnemque
1262 2165 1417 2248 populum

293 2271 401 2354 cisque
417 2267 568 2330 volumen
584 2266 730 2349 perlegit.
748 2265 838 2327 Illico
863 2286 974 2328 omnes
995 2286 1068 2329 cum
1085 2286 1159 2349 rege
1178 2265 1419 2350 spoponderunt

292 2393 325 2435 sc
341 2370 565 2434 observaturos
578 2377 734 2451 praecepta
753 2375 783 2430 ct
800 2368 997 2431 ceremonias
1012 2369 1044 2430 in
1057 2368 1140 2431 libro
1157 2379 1316 2449 contenta,
1331 2390 1416 2453 prae-

290 2474 398 2538 sertim
415 2494 491 2536 vero
508 2493 540 2535 sc
553 2471 596 2535 ab
612 2470 791 2535 idololatria
806 2494 996 2536 recessuros.
1015 2471 1100 2553 Quid
1112 2475 1144 2536 in
1157 2473 1219 2537 hac
1234 2475 1427 2547 narratione

290 2577 479 2642 adversariis
498 2576 604 2639 faveat
626 2596 691 2638 non
715 2572 864 2638 vidcoll
887 2566 997 2638 contra
1021 2576 1162 2660 seqnitur
1186 2575 1305 2640 librum
1325 2577 1418 2661 Legis

289 2701 353 2744 non
380 2690 456 2743 tunc
484 2677 679 2759 coniectum,
702 2675 758 2740 sed
785 2687 878 2741 antea
908 2677 1081 2760 exstitisse;
1112 2675 1271 2763 siquidem
1300 2676 1417 2742 dicitur

289 2783 434 2846 Helciam
450 2780 568 2843 librum
580 2781 739 2864 reperisse,
756 2800 820 2842 non
838 2779 1024 2843 confecisse.
1040 2779 1141 2843 Porro
1155 2801 1249 2845 voees
1265 2778 1340 2842 liber
1354 2784 1417 2843 Le-

287 2890 344 2971 pts,
358 2886 410 2950 vel
427 2893 463 2948 ut
480 2885 512 2948 in
530 2884 601 2947 loeo
626 2883 781 2967 parallelo
797 2883 975 2967 expressius
992 2881 1129 2945 habetur
1143 2881 1218 2945 liber
1239 2885 1328 2968 Legis
1350 2885 1416 2948 Do-

288 2988 365 3048 mini
385 3006 442 3069 per
465 3003 591 3046 monum
614 2983 712 3067 Moysi
723 3030 731 3054 ,
755 2981 1010 3044 Pentateuchum
1034 2978 1202 3064 designant
1224 2991 1279 3049 aut
1302 2983 1416 3046 saltem

287 3087 571 3151 Deuteronomium
585 3083 670 3170 quod
686 3093 731 3147 est
745 3084 837 3168 Legis
854 3085 1011 3168 repetitio.
1027 3083 1099 3147 Sive
1112 3093 1219 3146 autem
1234 3105 1336 3148 unum
1350 3086 1415 3149 sive

287 3189 424 3253 altorum
441 3187 638 3268 admittatur,
661 3186 722 3251 hoc
738 3187 818 3250 nihil
834 3187 911 3250 facit
930 3184 973 3250 ad
987 3194 1175 3272 presentem
1192 3187 1412 3270 quaestionem.

288 3292 368 3355 Nam
388 3284 673 3354 Deuteronomium
696 3290 846 3374 supponit
869 3297 1008 3375 quatuor
1034 3289 1155 3373 priores
1176 3283 1288 3352 libros.
1314 3290 1415 3355 Porro

286 3394 439 3458 volumen
462 3400 625 3477 repertum
647 3392 764 3478 majori
787 3393 990 3456 veneratione
1014 3389 1087 3455 ideo
1111 3399 1278 3475 acceptum
1305 3393 1413 3477 fuerit,

287 3495 375 3583 quod
401 3505 482 3560 esset
509 3497 664 3580 pretiosus
692 3493 824 3581 quidam
851 3494 953 3581 codex
981 3495 1013 3556 in
1041 3495 1161 3578 templo
1175 3505 1396 3560 ,conservatus
1403 3545 1412 3579 ,

286 3599 368 3662 forte
381 3600 485 3683 ipsum
498 3597 663 3680 exemplar
679 3594 767 3681 qnod
776 3594 916 3680 jusserat
932 3597 1052 3680 Moyses
1065 3593 1106 3657 ad
1121 3595 1202 3658 latus
1215 3616 1297 3680 anpae
1314 3619 1414 3683 repo-

286 3722 374 3764 nere.
386 3697 551 3784 Quidquid
568 3698 618 3779 sit,
632 3695 884 3775 ahadversariis
899 3697 1070 3780 querimus
1086 3718 1093 3757 :
1113 3717 1155 3758 an
1172 3694 1253 3758 liber
1271 3717 1290 3759 a
1306 3699 1413 3761 nescio

287 3825 350 3889 quo
369 3812 498 3867 auctore
522 3799 635 3883 nullibi
658 3809 835 3863 memorato
857 3820 931 3862 cum
952 3808 1038 3862 tauta
1059 3799 1236 3862 reverentia
1262 3810 1414 3885 aceeptus

286 3905 417 3970 suisset?
433 3928 476 3969 an
505 3904 597 3986 liber,
620 3903 805 3966 anctoritate
828 3901 1005 3983 destitutus,
1024 3901 1176 3985 potuisset
1194 3902 1355 3985 populum
1372 3902 1414 3967 ab

284 4006 465 4072 idololatria
485 4007 648 4071 retrahere
663 4013 702 4090 'et
722 4003 764 4068 ad
783 4005 1002 4090 poenitentiam
1025 4012 1091 4067 tam
1113 4004 1338 4069 vehementem
1359 4007 1414 4070 in·

286 4109 404 4175 ducere
417 4110 433 4174 l

318 4345 353 4407 (t)
367 4343 473 4409 tuneo.
489 4338 650 4404 xxx-xxxx
668 4340 697 4390 11
709 4339 799 4389 rarat.
816 4336 920 4388 xxxiv.
