3168 4948
260 263 324 328 534
483 284 683 326 rnrnenucrru
702 284 849 329 seuerius
865 285 894 326 rs
915 286 940 329 s.
960 285 1159 331 scnurnnnn.

259 384 432 469 Apostolus
445 386 595 449 ecclesias
607 386 678 449 illas
691 387 841 449 inviseret
856 384 898 449 ad
916 407 996 471 quas
1012 387 1181 473 scripserat
1196 412 1205 472 3
1226 397 1302 454 tune
1319 391 1393 454 viva

259 489 402 572 Apostoli
421 510 500 554 voce
515 511 624 553 rursus
640 490 792 554 certiores
804 486 1024 553 reddebantur
1039 488 1080 553 de
1095 492 1228 555 veritate
1243 494 1393 577 Epistola

169 658 172 663 ,
260 584 420 687 acceptae]
433 591 564 676 Scripsit
579 591 750 676 Apostolus
766 590 808 655 ad
824 591 1002 656 Corinthios
1020 590 1100 657 duas
1121 594 1290 679 Epistolas‚
1312 595 1393 660 duas

261 694 357 756 etiarn
373 692 415 757 ad
431 694 738 758 Thessalonicenses.
754 695 827 757 Jam
839 702 948 757 autem
965 692 1022 757 uhi
1034 694 1176 761 secunda
1189 697 1259 762 viee
1271 698 1394 763 scrihe-

260 795 316 859 bat
339 796 522 881 Apostelus,
543 798 665 881 priores
685 818 758 861 suas
777 797 898 860 litteras
918 797 1141 882 memorabat,
1162 808 1192 864 et
1216 801 1261 865 sic
1283 823 1395 866 rursus

261 920 356 962 omne
370 897 517 1065 duffiim,
536 900 561 962 si
578 897 667 989 qued
684 899 806 981 inisset,
828 882 1043 986 depellebat.)

305 993 431 1092 7.[Star
482 996 656 1101 putempac
676 1001 811 1066 ecelesia
832 1002 939 1086 aliqua
967 1003 1142 1087 Epistulam
1162 1016 1332 1091 acceperat
1352 1007 1395 1071 ah

260 1106 426 1191 Apostolo,
456 1107 596 1191 Epistola
618 1106 672 1169 illa
694 1104 861 1190 legebatur
879 1127 990 1169 coram
1008 1110 1209 1193 congregatis
1230 1110 1393 1193 fidelihus,

260 1209 292 1270 in
309 1206 414 1272 ellicie
431 1228 548 1292 nempe
572 1184 730 1291 litrirgieo,
753 1227 819 1291 quo
839 1204 976 1270 durante
1043 1229 1105 1273 crac
1122 1210 1292 1296 Scriptura
1308 1214 1396 1277 reci-

261 1290 476 1423 tabantur,Qrt
491 1331 531 1373 ex
546 1309 579 1372 S.
593 1309 718 1372 Justino
735 1285 978 1402 ostendimpshl
1017 1333 1035 1374 e
1048 1311 1080 1375 S.
1099 1311 1218 1376 Paulus
1229 1314 1261 1377 in
1275 1315 1393 1398 prima,

261 1434 360 1498 quam
375 1412 498 1497 scripsit
521 1412 661 1497 Epistola
684 1409 726 1475 ad
750 1411 1045 1476 Thessalonicenses
1061 1411 1115 1496 (V,
1134 1413 1201 1499 27),
1223 1416 1300 1478 ait:
1323 1416 1394 1479 Ad-

253 1520 330 1599 juro
353 1537 405 1579 ees
427 1537 483 1599 per
503 1516 667 1578 Dominam
687 1526 720 1577 et
742 1514 860 1598 lepetur
882 1513 1008 1597 epistole
1031 1513 1092 1578 beo
1116 1517 1254 1580 erunibus
1277 1521 1393 1582 sanctis

258 1592 544 1719 fratribnslfforre
568 1618 623 1681 uhi
648 1618 783 1682 ecelesia
806 1618 915 1702 aliqua
939 1617 1158 1701 Corinthiam,
1185 1620 1394 1684 Thessaloni-

261 1722 586 1805 eensis‚Celessensis,
603 1721 773 1805 Ephesina,
788 1722 863 1802 alia,
879 1721 1054 1806 Epistulam
1071 1732 1240 1806 acceperat
1257 1733 1288 1786 et
1301 1724 1394 1808 lege·

183 1845 189 1867 ¹
260 1833 321 1905 rat,
342 1845 412 1887 eam
432 1822 692 1888 communicabat
712 1822 853 1886 ecclesiis
868 1823 991 1906 vicinis,
1012 1844 1085 1887 eum
1103 1824 1220 1910 quibus
1237 1826 1393 1911 frequens

261 1936 291 1989 et
313 1926 409 1990 facile
432 1936 500 1990 erat
526 1926 767 2008 commercium.
793 1925 826 1993 S.
855 1926 974 1989 Paulus
997 1926 1065 2011 ipse
1086 1927 1150 1991 hoc
1171 1928 1387 2013 precipiebat.

260 2028 377 2094 Scribit
403 2030 488 2093 enim
518 2033 559 2092 ad
584 2028 783 2091 Colossenscs
808 2027 876 2113 (lv,
905 2027 961 2112 le)
988 2051 995 2091 :
1020 2030 1062 2092 Et
1086 2050 1178 2113 qreorn
1202 2028 1275 2093 lectu
1296 2031 1392 2115 fuerit

264 2134 348 2219 apud
366 2156 418 2198 oris
450 2131 570 2218 ,pisteln
594 2132 666 2204 heae,
690 2131 780 2217 [eicite
797 2143 828 2194 nt
847 2142 875 2193 et
896 2134 929 2194 in
945 2122 1175 2196 leodicensium
1199 2133 1318 2198 ecclesio
1342 2134 1390 2198 ie-

258 2229 428 2326 paturlllle
446 2236 654 2300 eribehantur
668 2243 776 2298 autem
792 2255 830 2296 ex
849 2234 1028 2318 archetypis
1046 2236 1244 2320 apographa,
1265 2257 1336 2321 quae
1356 2238 1390 2301 in

259 2341 399 2404 archivis
414 2339 623 2404 ecelesiarum
636 2336 858 2400 servabantur.
873 2334 923 2399 Oh
939 2333 1018 2398 illud
1033 2345 1141 2399 autem
1155 2339 1386 2403 commercium

259 2464 323 2528 quo
342 2442 484 2506 ecelesiae
503 2440 562 2504 sibi
580 2440 717 2504 invicem
735 2436 1017 2503 communicabant
1036 2439 1193 2523 Epistolas
1211 2438 1386 2524 Apostolo-

256 2566 341 2627 rum,
364 2544 484 2608 iactum
505 2552 551 2606 est
570 2551 605 2604 ut
622 2543 727 2605 statim
745 2540 948 2605 collectiones
964 2541 1037 2624 plus
1055 2540 1200 2606 minusve
1219 2545 1385 2628 completae

254 2648 468 2732 Epistolarum
492 2646 583 2708 Pauli
609 2645 642 2708 in
669 2643 832 2708 nonnullis
866 2644 1007 2707 ecclesiIs
1031 2627 1245 2732 haberentur]
1267 2646 1385 2712 Adhuc

253 2732 380 2815 vivente
405 2751 511 2831 Petro,
532 2747 603 2834 jam
627 2746 774 2834 quadam
800 2746 981 2810 habebatur
1004 2747 1151 2811 cellectio
1169 2749 1383 2832 Epistolarum

255 2854 494 2918 Pauli.Censtat
504 2852 567 2915 hee
583 2873 622 2914 ex
637 2850 776 2915 secunda
791 2851 875 2913 Petri
892 2849 1031 2933 Epistola
1044 2850 1114 2936 (ΙΙΙ,
1128 2851 1258 2936 15-16),
1270 2853 1326 2917 ubi
1339 2854 1385 2918 sic

256 2959 399 3044 loquitur
425 2979 433 3018 z
458 2955 544 3019 Sicut
566 2965 592 3017 et
616 2955 790 3016 carissimus
811 2952 911 3035 [reiter-
945 2962 1045 3014 nester
1079 2952 1201 3017 Paetus
1222 2956 1386 3020 secundum

258 3065 360 3125 viritem
376 3060 435 3125 sibi
447 3059 629 3143 sapientiem
645 3058 766 3142 scripsit
783 3056 862 3119 nobis
871 3077 885 3133 ;
908 3056 984 3117 sient
1007 3065 1035 3116 et
1053 3056 1085 3117 ia
1101 3056 1237 3120 onrnibos
1251 3058 1386 3141 epistolis

259 3164 383 3249 loquens
399 3166 432 3225 ie
456 3164 498 3225 eis
513 3161 548 3223 de
567 3159 625 3233 his,
652 3162 683 3222 in
697 3158 804 3245 quibus
818 3169 888 3221 sceret
901 3157 1038 3241 quedem
1064 3156 1200 3242 difficilia
1224 3160 1385 3236 intellectu,

260 3288 326 3351 qreoe
345 3266 458 3329 indocti
478 3276 506 3326 et
526 3262 680 3328 instabiles
699 3262 866 3346 depravent
885 3262 960 3323 sicot
979 3270 1008 3322 et
1024 3271 1144 3323 ceteras
1163 3264 1330 3346 scriptrices
1345 3263 1387 3327 od

258 3367 708 3453 snumipsernnepcrditienens.
1424 3454 1427 3458 .

303 3476 333 3538 8.
360 3469 535 3539 Abundant
559 3479 666 3532 autem
689 3468 820 3531 Patrem
844 3467 1034 3547 testimonia,
1057 3466 1111 3551 qui
1131 3465 1206 3530 iude
1230 3464 1272 3529 ah
1295 3475 1386 3531 aetate

256 3576 444 3662 apostolica,
464 3573 629 3636 veritatem
643 3569 912 3655 divinitatemque„
925 3566 1167 3654 quatuordeeim
1192 3569 1282 3632 Pauli
1306 3570 1387 3654 Epi-

255 3682 409 3744 stolarum
424 3684 638 3740 asseruerunt.

299 3783 331 3847 9.
358 3782 484 3845 Primus
508 3780 646 3845 occurrit
669 3779 701 3842 S.
727 3776 873 3841 Clemens
896 3779 1073 3841 Romanus.
1096 3777 1127 3840 Is
1142 3775 1184 3840 ad
1207 3777 1386 3842 Corinthios

256 3884 399 3951 scribens
411 3891 565 3968 provocat
577 3880 618 3945 ad
631 3880 769 3966 primam
782 3879 873 3942 Pauli
886 3878 927 3942 ad
939 3879 1141 3944 Chorinthies
1153 3878 1339 3964 Epistulam,
1354 3889 1387 3944 et

256 3986 354 4051 rerba
378 3985 521 4070 Apostoli
542 3994 696 4068 tanquam
718 3981 818 4046 verba
838 3982 972 4065 Spiritus
990 3981 1090 4045 sancti
1112 3982 1230 4065 allegat
1253 4003 1260 4043 ε
1289 4006 1303 4039 e
1323 3981 1386 4045 Su-

254 4089 342 4171 mite,
368 4089 483 4172 inquit,
508 4087 683 4171 Epistulam
707 4083 792 4148 beati
825 4085 916 4148 Pauli
949 4084 1106 4169 Apostoli.
1132 4082 1218 4164 Quid
1245 4085 1386 4169 primum

254 4190 345 4253 vohis
361 4191 393 4252 in
406 4189 563 4274 principio
582 4186 745 4271 Evangelii
766 4185 912 4269 scripsit?
927 4186 1075 4250 Profecto
1090 4186 1123 4249 in
1140 4186 1252 4270 spiritu
1270 4183 1311 4249 ad
1328 4207 1386 4250 vos

255 4291 374 4353 litteras
396 4288 484 4353 dedit
507 4288 547 4354 de
574 4290 732 4372 seipsoet
754 4287 862 4372 Cepha
886 4295 917 4351 et
940 4288 1069 4374 Apelle,
1095 4288 1172 4374 quia
1195 4289 1291 4352 ctiam
1316 4297 1386 4352 tum
