3142 4964
462 339 538 382 PARS
553 340 576 383 1.
598 339 781 382 1111111111
797 340 1020 384 PENTATEUOEO.
1292 323 1313 384 9

179 458 252 523 qnae
275 438 414 501 incertus
438 436 571 523 quidam
596 446 719 521 auctor,
740 437 794 501 diu
815 447 886 522 post
901 440 1041 524 Moysen,
1060 448 1102 523 et,
1120 448 1155 503 nt
1172 437 1311 522 ridetur,

179 541 265 604 circa
281 550 408 625 tempus
424 541 507 604 exilii
528 540 726 701 Babyloniei,
744 551 868 605 servato
886 539 998 606 ordine
1023 542 1287 628 chronologico,
1278 566 1312 608 111

178 665 281 707 unum
310 644 484 729 collegerit.
510 642 677 709 Hancu
592 606 907 777 lispo'cgpffirgmrrtm
892 644 1072 729 hypothesin
1097 667 1170 710 oum
1194 646 1313 712 Vatero

180 744 326 811 defendit
341 692 613 863 Αυξςυπῦὶ
1370 764 1377 779 1

225 849 278 912 15
293 850 402 913 Dum
393 859 467 914 11111
485 871 557 936 conJ
561 872 597 915 ec
634 712 1040 935 ammodo
1059 850 1224 936 satagebat
1242 850 1312 916 Va-

182 961 241 1034 ter,
251 952 298 1015 De
311 953 431 1034 Wette,
445 953 526 1016 alius
539 952 748 1035 Rationalista
760 953 952 1035 notissimus,
967 953 1061 1036 plura
1074 954 1191 1037 scripta
1203 936 1312 1038 vulga

181 1057 249 1140 bat,
268 1056 434 1142 inquibus
458 1078 532 1121 eum
552 1057 669 1123 Vatero
693 1055 831 1141 negabat
851 1055 1058 1120 Pentateuchi
1076 1056 1311 1139 anctoritatem,

180 1161 347 1223 veritatem
361 1169 392 1239 et
404 1160 559 1244 originem
571 1158 757 1242 mosaicam,
774 1168 806 1221 11
818 1180 892 1223 cum
904 1158 973 1243 ipso
988 1156 1202 1222 contendebat
1214 1158 1314 1222 libros

182 1264 275 1348 Legis
290 1272 435 1327 constare
452 1263 640 1347 fragmentis
657 1262 834 1326 Elohisticis
852 1271 883 1326 et
904 1262 1115 1343 Jchovisticis‚
1135 1261 1178 1325 ab
1199 1262 1313 1347 ignotis

183 1363 366 1428 auctoribus
382 1363 438 1427 diu
449 1373 521 1449 post
532 1363 681 1449 Moysen
673 1386 706 1426 m
718 1384 819 1482 unum
832 1363 1016 1449 compactis.
1033 1363 1071 1426 ln
1083 1361 1313 1447 distinguendis

184 1565 396 1654 plurimuma
418 1570 536 1636 Vatero
554 1568 769 1653 dissentiebat
790 1569 869 1634 Cum
893 1570 939 1632 Dc
957 1570 1065 1633 Wette
1088 1569 1287 1655 perplures
1279 1590 1312 1632 m

184 1667 356 1735 Germania
374 1680 404 1734 et
420 1671 496 1735 alibi
523 1680 635 1736 nactus
652 1672 691 1734 sit
707 1645 879 1755 discipulos
900 1680 931 1733 et
953 1670 1105 1752 lautores,
1123 1691 1187 1733 non
1204 1669 1262 1734 abs
1276 1682 1312 1735 r'e

186 1771 245 1834 erit
262 1769 331 1857 ejus
343 1773 532 1837 sententiam
548 1772 644 1856 paulo
661 1773 951 1856 fusius'exponerc.

230 1873 283 1935 14.
298 1873 406 1937 Primo
423 1872 660 1938 observandum
685 1883 731 1937 est
748 1874 795 1962 De
811 1874 919 1937 Wette
937 1894 1027 1937 snam
1043 1873 1231 1936 sententiam
1247 1894 1312 1936 non

186 1977 285 2039 semel
299 1978 471 2040 correxisse
485 1987 516 2040 et
528 1977 755 2041 immolavisse.
772 1977 809 2039 In
828 1978 960 2061 septima
978 1975 1115 2040 editione
1130 1979 1312 2041 1111111111-

186 2077 334 2142 ductiom’s
358 2077 405 2164 (l)
431 2080 474 2142 ita
499 2089 639 2143 mentem
662 2098 753 2142 suam
773 2079 886 2164 aperit.
906 2077 991 2141 libri
1008 2079 1149 2142 historici
1164 2078 1204 2143 V.
1221 2079 1256 2142 T.
1279 2079 1312 2142 in

187 2181 296 2244 multis
317 2180 482 2267 deficiunt,
506 2192 538 2246 et
560 2182 676 2268 mythis
698 2203 754 2245 sen
778 2181 896 2245 fabulis
919 2179 1096 2244 abundant.
1123 2181 1313 2245 Habuerunt

187 2283 348 2367 israelitae,
365 2285 445 2348 sicut
458 2294 571 2349 1111111
583 2284 738 2366 nationes,
756 2304 813 2348 sua
833 2293 978 2367 tempora
997 2282 1125 2346 heroica
1141 2302 1197 2345 seu
1213 2280 1313 2345 labu-

188 2385 266 2450 losa.
280 2387 381 2451 Porro
393 2387 627 2452 Pentateuchus
639 2387 858 2473 antiquissima
869 2386 995 2449 israelis
1006 2384 1199 2450 documenta
1211 2386 1314 2450 conti-

188 2498 254 2571 net,
272 2497 303 2552 et
318 2491 554 2576 antiquissimas
568 2491 670 2575 gentis
684 2488 870 2554 traditiones
886 2489 996 2573 refert,
1012 2509 1082 2574 quae
1095 2509 1168 2552 cum
1181 2486 1235 2551 diu
1257 2509 1313 2552 ore
1340 2488 1341 2492 ’
1413 2540 1415 2545 ,

188 2599 219 2654 11
244 2593 439 2658 carminibus
454 2602 638 2679 propagate
656 2593 798 2676 fuissent,
820 2593 945 2657 nonnisi
962 2593 1064 2656 multo
1087 2592 1187 2655 serius
1203 2590 1313 2655 litteris

23 2738 26 2745 »
85 2760 88 2763 .
190 2694 782 2781 11111811111111111111,(1111111111
805 2696 988 2781 mylborum
1013 2695 1152 2759 formam
1175 2714 1313 2778 aecepe-

189 2805 273 2860 rant.
293 2797 376 2862 Hinc
394 2819 459 2862 non
482 2799 573 2861 timet
593 2818 734 2865 asserere
759 2797 1012 2861 Pentateuchum
1035 2797 1114 2860 nihil
1136 2792 1224 2859 aliud
1247 2815 1314 2858 esse

190 2920 288 2985 quam
305 2898 456 2964 Judaeoru
508 2920 585 2985 epos
602 2921 659 2963 seu
676 2921 806 2964 carmen
829 2901 1008 2982 heroicum,
1028 2900 1155 2984 inquo,
1174 2906 1210 2960 ut
1230 2895 1266 2959 lit
1280 2897 1312 2961 in

184 2998 273 3063 libris
288 2920 1030 3086 mmmmm
1055 2999 1183 3064 Constat
1204 3006 1312 3061 autem

183 3103 417 3186 Pentateuebus
446 3105 633 3189 fragmentis
661 3113 763 3188 etate,
797 3104 906 3168 valore
936 3112 967 3166 et
994 3111 1136 3183 anctore,
1165 3099 1310 3164 diversis.

183 3205 276 3268 Ponit
290 3226 387 3290 porro
399 3207 446 3270 De
462 3208 569 3271 Wette
586 3209 782 3293 praecipuum
795 3205 1003 3270 Pentateucbi
1016 3205 1138 3268 fontem
1153 3224 1222 3267 esse
1232 3203 1313 3266 sori-

183 3318 274 3392 ptum
295 3306 460 3395 quoddam
477 3309 687 3384 Elobirtr'com,
705 3308 791 3396 quod
805 3318 906 3374 totum
925 3307 1179 3372 Pentateuchum
1193 3327 1312 3391 perva—
1371 3344 1373 3347 v

183 3410 230 3476 dit
245 3411 357 3498 etejus
369 3414 627 3485 velutitramam
647 3415 817 3481 constituit.
836 3411 924 3477 Istud
947 3411 1179 3477 documentum
1201 3418 1313 3474 auctor

182 3514 392 3589 Jelrooisn'cos,
409 3524 533 3580 servato
547 3514 617 3602 ejus
631 3518 722 3601 stylo,
739 3516 937 3600 transcripsit
951 3540 960 3598 3
979 3516 1074 3600 plura
1091 3534 1162 3600 quae
1178 3511 1313 3576 deerant

183 3638 223 3680 ex
238 3618 308 3681 aliis
326 3620 542 3683 monumentis
565 3620 725 3704 supplevit
742 3628 774 3683 11
789 3619 853 3683 suis
874 3620 953 3683 loeis
970 3618 1102 3682 inseruit
1127 3625 1157 3680 11
1176 3626 1314 3705 quatuor

182 3718 350 3804 prioribus
362 3720 570 3785 Pentateuchi
586 3721 675 3785 libris
692 3723 831 3786 formam
848 3743 945 3807 quam
962 3722 1161 3784 retinuerunt
1184 3716 1309 3781 indidit.

183 3823 305 3887 Tertius
321 3821 461 3910 deniqne
475 3824 621 3911 scriptor,
639 3834 670 3888 et
682 3826 749 3911 ipse
761 3824 970 3899 Jebooisticns,
989 3821 1134 3909 quamvis
1151 3842 1169 3883 a
1187 3841 1311 3906 praece-

182 3924 269 3991 denti
288 3924 443 4009 diversus,
462 3928 747 3992 Deuteronomium
772 3927 939 3991 recentiori
964 3936 1107 4011 temporo
1131 3924 1201 3987 aliis
1224 3923 1313 3986 libris

184 4029 340 4116 adjunxit
370 4031 578 4094 Pentateuehi
608 4032 713 4116 igitur,
740 4030 843 4118 qualis
860 4052 945 4094 nunc
969 4038 1080 4112 exstat,
1104 4037 1167 4090 tres
1194 4026 1325 4181 luerint

319 4130 455 4312 Χ
587 4118 1276 4262 stamar

388 4294 499 4348 1111111
533 4296 633 4345 anund
650 4292 793 4359 opolrypt.
810 4240 1029 4345 cartobram.
1050 4291 1216 4355 Testamenta
1231 4290 1257 4338 7
1269 4212 1310 4339 cd.

184 4374 1118 4440 111111111118111115116111.1611116.1

216 4294 251 4358 (1)
266 4295 370 4346 Elaion.
