3134 4934
245 286 309 350 556
473 305 674 349 mruooucrro
692 307 841 354 srrcrinrs
858 307 891 348 ιιι
907 307 934 350 s.
953 307 1155 351 scmrrunsu.

198 428 203 431 ·
246 411 363 467 statum
380 404 521 486 eeclesiae
537 403 741 468 Colossensis.
762 405 864 469 Porro
880 404 1094 480 Colossenscs‚
1121 404 1186 472 fide
1209 415 1239 470 at
1257 407 1384 473 ratione

244 506 374 572 vivendi
390 507 473 572 bene
490 507 663 572 christiana
679 509 856 594 plurimum
872 531 906 575 se
924 509 1209 575 commendabant.
1227 511 1382 597 Aliquam

245 622 353 676 tamen
369 611 645 696 perturbationem
658 613 703 675 eis
715 596 887 676 attulerant
902 610 1036 698 quidam
1048 612 1196 677 doctores
1209 634 1249 677 ex
1261 612 1382 677 Judaeis

245 715 300 800 qui
312 712 494 779 doctrinam
508 715 729 800 evangelicam
746 715 949 800 philosophia
966 705 1110 800 quadam
1122 711 1382 807 &Qadffl-

245 815 392 881 tcrabant
407 826 439 880 ct
451 837 527 880 cum
541 815 605 880 fide
621 816 736 881 Christi
752 825 783 879 et
799 817 863 880 vita
880 817 1066 901 evangelica
1082 838 1211 882 servare
1230 816 1382 881 volebant

243 919 783 1085 piretrlmcisQrQa-liffiuelcgis
796 906 1140 1017 crrempmas.Contra
1155 919 1215 984 bos
1232 918 1381 984 doctores

270 1023 363 1086 aulus
382 1021 582 1086 Colossenses
599 1043 798 1106 pramonerc
816 1022 916 1086 uoluit
932 1043 1051 1108 eosque
1066 1023 1162 1086 simul
1184 1020 1225 1087 ad
1247 1025 1381 1086 virtutes

243 1127 377 1209 hortari,
395 1126 523 1190 mittens
545 1126 732 1210 Epistulam.
749 1125 871 1210 Scripta
898 1134 945 1188 est
966 1125 1063 1209 igitur
1083 1125 1223 1209 Epistola
1241 1125 1275 1189 in
1298 1125 1379 1190 urbe

245 1231 361 1312 Roma,
379 1251 417 1294 eo
434 1239 591 1314 tempore,
610 1250 674 1314 quo
691 1229 795 1316 prima
811 1229 882 1293 vieo
904 1229 1048 1313 captivus
1068 1228 1112 1292 ibi
1133 1250 1192 1314 per
1211 1228 1377 1292 biennium

243 1332 415 1416 Apostolus
437 1302 757 1418 pmmansithoma·
779 1333 932 1416 scriptam
955 1333 1053 1396 etiam
1079 1340 1235 1396 testantur
1253 1330 1380 1397 codices

239 1435 331 1498 AB**
347 1436 415 1519 KL,
434 1434 578 1505 nonnulli
612 1435 795 1519 minusculi,
815 1444 846 1498 et
870 1435 1031 1499 versiones
1047 1435 1176 1519 syriaca
1190 1435 1224 1498 in
1236 1434 1380 1519 subscri-

240 1533 417 1620 ptionibus,
436 1559 475 1601 cx
491 1538 609 1623 quibus
625 1537 721 1601 ctiam
746 1534 906 1622 colligitur
929 1538 1058 1600 missam
1083 1536 1181 1600 fuisse
1202 1538 1378 1622 Epistulam

28 1672 34 1686 ·
126 1678 147 1737 s
208 1642 209 1645 ’
243 1661 302 1725 por
314 1640 489 1726 Tychicum
505 1649 536 1704 ct
550 1640 751 1705 Onesimum.

65 1715 170 1837 ffld(
183 1736 204 1818 ᾖ
287 1742 319 1806 5.
336 1716 745 1833 Arpuroenrum.[c0nvenit
761 1745 794 1807 iu
811 1744 957 1829 plurimis
974 1744 1042 1808 haec
1057 1744 1199 1828 Epistola
1223 1766 1296 1808 cum
1321 1745 1377 1808 illa

145 1926 148 1931 Α
243 1845 285 1910 ad
310 1847 474 1932 Ephesios.
498 1848 573 1911 Post
593 1832 681 1911 aclas
704 1848 771 1933 Deo
799 1849 917 1932 gratias
955 1845 996 1911 de
1019 1846 1253 1912 Colossensium
1288 1847 1377 1931 fide,

243 1950 415 2033 Apostolus
431 1948 526 2014 docet
541 1950 725 2014 bominibus
742 1942 1375 2048 QQAAWQQ

66 2054 72 2069 ³
113 2048 129 2137 ἢ
144 2052 158 2116 'l
177 2086 184 2118 ι
243 2051 301 2114 Dei
317 2050 419 2115 filium
432 2064 530 2138 atque
546 2054 690 2117 omnium
705 2054 800 2117 etiam
813 2054 1218 2149 AQQQAPWQQ
1244 2054 1300 2139 qui
1319 2076 1379 2118 nos

71 2158 75 2165 ”
244 2175 318 2219 cum
334 2156 401 2219 Deo
417 2156 635 2220 reconciliavit
652 2157 684 2220 in
702 2158 857 2242 sanguine
873 2178 943 2239 suo,
969 2157 1072 2221 lactus
1094 2156 1243 2221 Ecclesiae
1266 2166 1375 2242 caput.

244 2259 352 2322 Monet
374 2255 491 2322 deinde
514 2257 715 2323 Colossenses
737 2268 773 2322 ut
807 2259 867 2323 sibi
892 2268 1027 2323 caveant
1049 2280 1068 2322 a
1093 2258 1174 2323 salsa
1198 2259 1374 2344 sapientia,

243 2363 356 2425 mouet
371 2359 520 2446 judaicas
543 2371 575 2425 ct
594 2361 832 2447 philosophicas
856 2362 1095 2426 observationes
1111 2383 1185 2426 cum
1202 2363 1377 2447 Evangelio

242 2462 375 2526 minime
399 2463 578 2529 miscendus
602 2485 681 2549 csse,
704 2487 759 2529 cas
772 2464 815 2529 ad
835 2465 1119 2530 sanctificationem
1140 2475 1282 2529 nostram
1296 2452 1375 2529 nibil

242 2567 351 2629 valere
368 2566 471 2652 (l-ll).
496 2568 635 2653 Reliqua
660 2570 807 2653 Epistolae
829 2591 905 2654 pars
927 2569 1118 2654 paraenctira
1138 2555 1216 2656 cst]
1228 2568 1377 2632 bortatur

243 2667 415 2754 Apostolus
437 2669 639 2735 Colossenscs
661 2671 704 2736 ad
728 2672 882 2758 fugienda
907 2674 995 2755 vitia,
1026 2669 1222 2736 exercendas
1247 2670 1374 2753 vitutes,
1495 2681 1498 2687 '

242 2780 352 2834 monet
374 2773 525 2836 mulieres
546 2783 581 2836 ut
595 2773 737 2838 subdita
761 2775 823 2838 sint
846 2775 921 2839 viris
944 2774 1032 2856 suis,
1056 2773 1144 2839 viros
1182 2782 1218 2836 ut
1239 2770 1377 2857 diligant

117 2911 121 2917 ι
241 2894 357 2937 uxores
380 2895 465 2956 suas,
480 2874 562 2940 lilios
586 2885 620 2941 ut
643 2876 796 2941 obediant
819 2878 1017 2963 parentibus,
1042 2862 1150 2962 patres
1172 2885 1208 2939 ut
1229 2874 1314 2939 bene
1339 2897 1375 2939 se

241 2985 355 3061 gerant
378 2997 455 3061 erga
477 2976 583 3059 lilios,
608 3001 716 3045 servos
744 2989 780 3043 ut
802 2981 942 3044 serviant
965 2966 1102 3043 fideliler
1125 2978 1263 3042 dominis
1283 2977 1372 3059 suis,

241 3078 389 3144 dominos
405 3090 440 3144 ut
455 3083 555 3145 servis
563 3081 876 3167 justamfretr'ibuant
892 3081 1090 3163 mercedem,
1115 3102 1227 3145 omncs
1245 3088 1280 3143 ut
1296 3099 1372 3142 ora·

241 3183 318 3247 tioui
341 3182 468 3247 assidue
496 3194 622 3249 vacent.
661 3185 826 3250 Clauditur
865 3186 1005 3272 Epistola
1039 3185 1135 3250 variis
1170 3180 1374 3247 salutationi-

241 3283 463 3369 turult-IV).

128 3548 142 3581 Γ
159 3560 164 3571 μ

78 3594 204 3671 magd,
1049 3646 1053 3653 .

133 3763 144 3787 x
221 3719 249 3793 p
283 3699 315 3764 1.
335 3700 382 3762 De
396 3697 524 3762 ecclesiae
539 3652 1262 3782 TturratontceustrperornatusAthessaloniia,
1283 3718 1370 3762 nuno
1383 3746 1424 3790 Α.
1458 3778 1463 3784 .

102 3756 127 3818 l
240 3798 408 3873 Solonidri,
426 3820 492 3863 uua
507 3809 576 3864 crat
593 3821 632 3864 cx
655 3800 825 3885 praecipuis
848 3780 1042 3863 Macedonia
1064 3797 1212 3881 urbibus,
1238 3792 1406 3883 (prandet
1422 3787 1467 3889 ’111

75 3926 80 3933 “
102 3986 108 3995 ¹
123 3948 125 3953 ·
238 3904 357 3967 Paulus
371 3924 389 3967 e
401 3904 556 3988 Philippis
568 3902 688 3989 ejectus
703 3904 736 3968 in
753 3924 825 3967 cam
839 3901 969 3966 advenit
984 3901 1194 3986 Evangelium
1211 3897 1369 3984 praedica·
1415 3896 1418 3903 ’

237 4015 338 4072 turus.
356 4005 527 4071 Constabat
543 4027 641 4092 porro
658 4028 695 4070 ea
712 4005 802 4088 urbs,
816 4000 1392 4099 QUQQQQ

239 4109 356 4196 quibus
379 4109 514 4173 immixti
538 4117 641 4193 erant,
667 4110 748 4173 sicut
771 4110 804 4172 in
820 4109 890 4172 aliis
905 4107 1035 4173 Graeciae
1050 4106 1197 4191 urbibus,
1222 4104 1368 4170 nonnulli

235 4210 350 4276 Judaei.
367 4212 486 4275 Paulus
501 4231 562 4295 pro
576 4231 667 4274 more
684 4232 741 4275 suo
757 4208 798 4274 ad
814 4208 942 4274 Judaeos
957 4210 1062 4295 primo
1077 4210 1239 4294 ingressus
1254 4216 1312 4287 est,
1335 4214 1370 4269 et

237 4337 296 4400 per
310 4315 370 4378 tria
386 4313 538 4385 continuo
554 4313 688 4378 sabbata
704 4334 743 4377 ex
758 4313 929 4399 Scripturis
944 4311 1165 4377 demonstrare
1186 4312 1263 4399 ipsis
1279 4320 1370 4376 sata-

293 3529 295 3532 <
402 3488 444 3553 Χ.
471 3491 518 3554 De
540 3490 656 3555 duabus
679 3491 720 3554 ad
746 3488 1020 3556 Thessalonicenses
1041 3487 1203 3575 Epr‘rtolt's.
