3168 4948
267 261 332 327 att
495 279 695 323 mmoooorro
711 277 857 322 soacranrs
872 277 905 322 m
923 280 950 323 s.
967 279 1167 324 scarorunau.

268 380 468 467 presbyteros
483 404 492 462 5
509 378 626 443 deinde
638 378 840 443 Antiochiam
852 378 947 465 Syriae
959 388 1173 444 revertuntur.
1192 380 1299 445 Oritur
1314 401 1395 446 vero

268 482 421 547 dissensio
437 504 478 546 an
494 481 680 547 circumcidi
694 490 839 567 oporteat
851 482 993 547 ethnicos
1006 480 1103 546 fidem
1115 484 1291 568 amplexos.
1309 484 1395 548 Con·

268 595 418 672 gregatur
430 586 633 671 ierosolymis
649 584 831 668 concilium,
847 584 879 647 in
894 606 958 670 quo
971 585 1117 649 statuitur
1128 594 1237 669 gentes
1249 608 1314 649 non
1326 608 1395 650 esse

269 686 554 753 circumcidendas.
576 688 753 751 Narrantur
771 683 887 750 deinde
903 688 998 751 variae
1017 688 1108 751 Pauli
1123 689 1396 772 peregrinationes

270 813 328 877 per
336 791 490 874 Ciliciam,
505 790 626 873 Asiam,
641 789 1155 875 Mysiam,Phrygiam,Galetiam,
1171 790 1394 854 Macedoniam

269 903 301 957 et
312 894 479 975 Graeciam,
493 901 524 956 et
539 893 672 978 repetita
687 893 720 955 in
740 892 943 956 Antiochiam
963 901 995 955 et
1014 893 1245 977 lerosolymam
1265 894 1391 957 itinera.

268 996 301 1059 S.
323 996 424 1060 Lucas
440 994 605 1059 historiam
623 993 713 1057 Pauli
732 991 878 1079 perducit
890 1014 991 1079 usque
1003 993 1044 1058 ad
1059 993 1140 1057 illud
1152 993 1317 1058 biennium
1329 1015 1406 1079 quo

270 1099 440 1184 Apostolus
453 1098 556 1183 prima
575 1097 642 1161 vice
659 1099 771 1161 Romae
786 1097 929 1182 captivus
945 1097 1016 1162 fuit.
1032 1092 1281 1183 Comprehendit
1299 1099 1394 1182 igitur

270 1201 353 1266 liber
368 1202 507 1265 Actuum
523 1200 660 1284 spatium
676 1200 803 1284 triginta
820 1200 946 1264 circiter
964 1221 1122 1264 annorum
1142 1200 1185 1265 ab
1200 1201 1394 1266 Asceusione

269 1305 383 1369 Christi
400 1324 500 1389 usque
518 1300 561 1366 ad
577 1303 680 1386 prima
699 1303 791 1366 Pauli
809 1303 935 1367 vincula
948 1323 1094 1372 romana.
1129 1305 1175 1367 Er
1191 1305 1239 1368 his
1255 1313 1341 1389 patet
1361 1304 1395 1366 in

270 1409 352 1472 libro
367 1384 505 1471 Aeluum
525 1427 731 1491 nequaquam
751 1406 905 1470 contineri
923 1407 1079 1491 integram
1094 1408 1236 1471 omnium
1254 1408 1396 1492 Aposto-

270 1512 375 1575 lorum
401 1511 572 1574 autetiam
596 1509 743 1573 Ecclesiae
766 1511 923 1574 nascentis
946 1511 1121 1574 historiam.
1147 1509 1209 1573 Sed
1232 1512 1264 1573 in
1289 1511 1398 1597 prima¹
1455 1508 1460 1517 ’
1559 1526 1563 1533 ’

271 1598 361 1698 parte
374 1613 459 1678 Petri
471 1613 644 1697 praesertim
663 1632 767 1675 sermo
784 1611 829 1694 fit,
849 1613 882 1675 in
898 1610 1038 1676 secunda
1054 1634 1130 1676 vero
1146 1613 1248 1676 Pauli.
1267 1613 1394 1675 Utrius-

272 1737 335 1801 que
352 1723 459 1779 autem
476 1714 618 1799 Apostoli
637 1712 785 1799 quaedam
803 1712 969 1778 dumtaxat
986 1724 1073 1799 gesta
1088 1715 1283 1796 referuntur,
1300 1714 1393 1799 plura
1457 1770 1460 1779 .

269 1839 347 1891 poro
369 1820 572 1899 omittuntur,
597 1826 631 1880 ut
654 1825 775 1881 constat
799 1838 872 1880 cum
893 1816 1045 1899 aliunde,
1067 1828 1134 1881 tum
1157 1818 1330 1903 prasertim
1354 1838 1393 1880 ex

272 1922 418 2007 Epistolis
430 1922 532 1986 Pauli.
547 1921 610 1985 Cur
620 1929 728 1985 autem
740 1921 841 1984 Lucas
851 1921 989 1984 aliorum
998 1920 1224 2005 Apostolorum
1237 1921 1289 1984 vix
1299 1942 1392 1984 mcu-

272 2027 391 2091 tionem
404 2026 526 2109 fecerit,
544 2046 602 2088 cur
618 2025 712 2089 etiam
729 2024 791 2087 alia
807 2023 945 2108 plurima
962 2023 1108 2087 Ecclesia
1121 2025 1276 2091 nascentis
1292 2024 1395 2087 histo-

272 2131 353 2194 riam
376 2130 551 2214 spectantia
583 2128 728 2210 tacuerit,
753 2128 820 2212 ipse
845 2126 958 2191 nullibi
982 2125 1143 2192 indicavit.
1171 2126 1252 2207 Quia
1287 2135 1394 2190 tamen

272 2233 373 2296 Paulo
396 2253 454 2316 per
474 2232 611 2294 multum
628 2229 779 2315 temporis
796 2229 941 2293 assiduus
965 2230 1037 2312 fuit,
1064 2228 1176 2293 exinde
1199 2231 1280 2294 ratio
1300 2229 1396 2294 desu-

273 2337 382 2417 mitur,
405 2355 504 2419 quare
527 2332 632 2419 major
655 2334 792 2396 Actuum
817 2354 892 2416 pars
915 2331 955 2395 de
978 2333 1069 2396 Pauli
1092 2333 1185 2417 gestis
1206 2342 1291 2417 agat.
1314 2333 1396 2413 Quia

272 2439 369 2501 etiam
392 2436 566 2519 Theophilo
591 2435 692 2499 Lucas
716 2434 888 2516 scribebat,
914 2456 951 2499 ea
974 2435 1058 2499 facta
1082 2436 1148 2520 ipse
1172 2436 1396 2521 elegeritque

274 2538 449 2623 Theophilo
463 2538 631 2601 utilitatem
643 2537 757 2601 afferre
775 2537 925 2613 valebant
935 2562 944 2620 3
964 2538 1029 2601 sive
1046 2538 1238 2623 Theophilus
1253 2560 1291 2602 ea
1311 2539 1397 2622 iguo·

273 2648 370 2723 reret,
389 2639 453 2703 sive
468 2660 507 2702 ea
519 2636 561 2701 ad
576 2638 644 2724 ejus
658 2639 896 2755 instructiopem
909 2638 1134 2704 conducerent.

317 2742 349 2804 5.
364 2744 493 2825 Lingua,
512 2753 639 2825 tenipus,
658 2735 867 2827 locust-Liber
889 2743 1029 2806 Aetuum
1045 2763 1150 2831 Q
1170 2753 1316 2807 exaratus
1336 2752 1392 2807 cst.

242 2929 245 2935 Δ
273 2844 383 2910 Graeca
399 2853 506 2908 autem
519 2842 586 2930 ejus
600 2845 735 2909 elocutio
744 2846 786 2908 ita
798 2846 945 2909 convenit
957 2867 1030 2909 cum
1044 2867 1081 2910 ea
1095 2867 1165 2932 quae
1178 2847 1211 2910 in
1223 2847 1395 2931 Evangelio

274 2948 580 3031 Lucaecbservatur,
599 2959 634 3012 ut
655 2950 762 3033 plures
779 2971 873 3013 voces
892 2948 1108 3035 dictionesque
1131 2951 1163 3013 in
1184 2950 1316 3014 Actibus
1338 2974 1397 3016 oc-

273 3060 417 3134 currant,
435 3072 506 3136 quae
522 3060 576 3114 aut
592 3052 716 3114 nonnisi
732 3051 764 3114 in
786 3052 877 3115 Lucae
897 3052 1086 3136 Evangelio,
1110 3061 1163 3116 aut
1189 3063 1273 3116 certe
1295 3054 1396 3117 multo

274 3154 472 3239 frequentius
495 3153 540 3217 ibi
564 3175 661 3240 quam
686 3156 718 3218 in
742 3156 854 3219 ceteris
884 3157 958 3221 novi
991 3157 1181 3220 Testamenti
1203 3156 1303 3239 libris,
1338 3179 1397 3221 oc-

273 3266 407 3320 currunt
418 3256 477 3342 (l)
502 3288 541 3366 Q

318 3361 349 3422 4.
375 3360 421 3423 De
444 3332 588 3525 teprpo‘le
613 3370 644 3425 et
667 3361 749 3443 loco,
775 3360 890 3446 quibus
913 3362 1011 3425 Actus
1033 3361 1257 3447 Apostolorum
1278 3363 1398 3428 fuerint

275 3462 456 3546 conscripti,
495 3464 525 3525 ix
542 3464 718 3548 loquuntur
735 3465 870 3550 antiqui.
889 3464 979 3529 Certe
1002 3486 1102 3551 quum
1118 3467 1219 3529 Lucas
1241 3465 1397 3551 perducat

276 3566 491 3628 narrationem
507 3586 598 3629 suam
614 3566 776 3652 usquead
799 3567 896 3630 finem
919 3568 1003 3630 illius
1025 3567 1144 3632 biennii
1168 3568 1255 3654 quod
1277 3570 1396 3635 Paulus

274 3667 398 3753 peregit
418 3669 449 3731 in
465 3669 575 3753 primis
593 3670 655 3732 suis
671 3671 804 3734 vinculis
823 3672 974 3754 romanis,
994 3671 1074 3736 liber
1089 3673 1227 3736 Actuum
1245 3654 1397 3739 antehoc

180 3760 188 3805 t
275 3782 400 3857 tempus
416 3793 479 3835 nou
495 3772 591 3836 fuerit
606 3772 719 3838 editus.
735 3773 797 3838 Sed
819 3775 932 3840 exinde
948 3798 1012 3840 non
1036 3779 1177 3862 sequitur
1202 3779 1305 3862 ipsum
1321 3788 1397 3843 tuuc

275 3875 371 3939 luisse
394 3873 527 3940 editum.
558 3877 769 3962 Hieronymus
793 3879 841 3963 (2)
865 3889 971 3944 tamen
992 3881 1107 3943 sentire
1130 3879 1255 3943 videtur
1278 3879 1397 3944 librum

275 3977 413 4042 Actuum
430 3987 505 4043 tune
520 3980 673 4063 temporis
689 3982 800 4044 Romae
815 3980 910 4045 fuisse
927 3981 1058 4045 editum.
1076 3982 1128 4044 Ait
1144 3983 1229 4045 enim
1245 4005 1253 4044 ε
1271 3980 1398 4046 «Aliud

109 4080 423 4199 'llettali'l‘llh
448 4090 853 4221 [lllltif-*tltt'ttll-ltt.»s,
884 4090 1128 4224 Jlt't'ldtttlht')
1155 4158 1159 4169 '
1205 4126 1324 4215 ”flu-„1

311 4225 523 4288 (quamam,
538 4225 633 4276 tatae.
648 4226 774 4286 Pruna.
1033 4214 1038 4226 '
1072 4198 1088 4225 “
1127 4216 1131 4225 '
1176 4194 1193 4285 ’ἴ
1211 4188 1221 4235 l
1236 4220 1246 4233 ”
1268 4204 1272 4217 ’
1296 4188 1382 4246 *M
1408 4244 1413 4255 ·

310 4305 390 4373 (ἕψε
404 4311 456 4362 vir.
475 4309 555 4360 i'lust.
572 4310 595 4358 t.
