3168 4948
5 4394 9 4487 l

302 288 377 333 rans
391 289 426 333 n.
442 287 536 331 curor
550 288 598 332 nr.
615 287 836 331 nsonrornnur
852 284 1009 331 nocronrr.
1024 288 1067 332 ιν.
1082 286 1212 331 sunnon.
1260 268 1323 334 289
1370 354 1372 357 Ι
1465 280 1468 286 ’

186 387 260 452 1οοὶ
272 389 372 454 alium
384 386 714 473 indicare-auctorem,
729 389 805 475 quia
817 396 928 454 auctor
946 388 1151 474 hyperbolice
1167 389 1200 453 ln
1216 389 1322 473 prima

186 491 496 577 personaloquitur
515 488 643 555 dialecti
665 492 765 554 attica
779 511 875 555 voces
891 511 1059 574 usurpans.
1080 491 1220 555 loannes
1235 491 1321 554 enim

188 613 236 657 eo
256 593 357 679 magis
370 592 524 657 adhibere
533 595 645 679 potuit
659 613 754 658 uoces
767 591 895 658 dialecti
911 593 1024 675 atticae,
1043 591 1131 677 quod
1152 594 1232 657 etin
1246 592 1323 657 Asia

188 676 329 781 degeret
351 704 381 760 et
404 696 568 782 permixte
591 696 841 780 tunc·temporis
864 704 967 759 essent
990 693 1130 759 dialecti.
1155 694 1323 760 insolitum

189 807 305 865 autem
320 798 436 864 Joanni
456 807 582 863 nonest
600 798 688 884 loqui
704 798 737 862 in
754 800 859 884 prima
874 818 1011 883 persona
1028 796 1077 882 (l)
1094 807 1150 862 aut
1168 797 1324 863 adhibere

190 899 329 964 formas
342 899 453 965 atticas
468 898 529 986 (ἢ),
550 920 656 986 neque
679 899 722 964 ab
743 897 811 985 ejus
833 920 895 962 usu
917 899 1013 984 plane
1035 897 1188 963 abhorret
1206 900 1323 984 lipper-

191 999 301 1064 boles.

243 1102 295 1165 28.
310 1100 357 1165 Ex
368 1100 418 1164 his
430 1100 579 1165 omnibus
590 1110 675 1167 recte
688 1123 856 1187 possumus
869 1099 1061 1168 concludere
1073 1111 1211 1188 quatuor
1224 1102 1325 1165 Euan·

196 1202 284 1288 gelia
298 1200 421 1287 integra
436 1200 478 1266 ad
498 1223 555 1268 nos
572 1204 765 1286 pervenisse.

244 1448 316 1512 Art.
341 1447 374 1511 d.
404 1445 480 1527 Quoe
504 1449 538 1509 in
562 1458 691 1532 quotuor
713 1446 887 1533 Euanpolit’s
909 1458 1077 1512 canantur
1104 1468 1174 1512 uero
1196 1459 1278 1512 sunt.

247 1686 278 1748 l.
308 1683 389 1750 Cum
412 1678 533 1753 constet
549 1685 759 1772 ,Evangelia2
783 1686 864 1749 sicut
886 1694 1007 1750 ceteros
1030 1685 1199 1770 Scripturae
1229 1707 1327 1751 sacrae

203 1786 313 1871 libros,
331 1788 398 1851 Deo
416 1788 601 1875 inspirante,
622 1809 689 1852 esse
710 1788 899 1871 conscripta,
922 1786 1121 1873 proindeque
1144 1809 1211 1852 esse
1235 1810 1324 1872 vera,

203 1912 332 1955 necesse
344 1912 408 1955 non
420 1882 583 1959 videretur
591 1892 676 1957 hanc
685 1892 851 1955 veritatem
861 1891 1081 1976 philosophice
1093 1889 1325 1974 demonstrare,

204 1994 264 2058 nisi
277 1994 511 2060 occurrendum
527 2004 607 2059 esset
626 1993 798 2061 incredulis
811 2002 842 2057 et
855 1994 1070 2058 Rationalistis
1086 1995 1141 2079 qui
1159 1996 1247 2059 illam
1266 2017 1327 2059 ne-

204 2107 281 2182 gant
297 2107 328 2162 et
343 2098 543 2183 impugnant.
558 2097 641 2178 Quia
656 2106 762 2160 autern
774 2096 866 2159 multi
879 2094 975 2159 hodie
992 2095 1078 2160 facta
1091 2097 1277 2180 evangelica
1294 2099 1327 2160 in

205 2199 332 2264 fabulas
345 2221 399 2264 seu
412 2200 737 2286 mythosoonvertere
750 2197 889 2280 student,
905 2199 1081 2282 plurimum
1096 2199 1225 2262 interest
1242 2197 1329 2263 veri-

164 2382 167 2385 ,
205 2312 303 2369 tatem
327 2303 463 2368 historiae
487 2303 678 2387 evangelica
696 2323 715 2365 a
733 2302 855 2365 ratione
871 2300 1023 2383 stabilire,
1043 2301 1076 2363 in
1099 2322 1164 2386 qua
1178 2323 1214 2365 re
1229 2323 1329 2385 pera·

205 2405 311 2490 gendo
327 2405 677 2493 catholicipraeclaram
694 2425 757 2468 suae
772 2401 847 2467 fidei
862 2401 1135 2467 confirmationem
1150 2403 1326 2468 inveniunt.

252 2510 282 2572 2.
301 2509 400 2573 Porro
414 2508 438 2571 si
450 2517 568 2571 attente
585 2505 824 2572 considerentur
838 2527 908 2593 quae
921 2503 963 2569 ad
980 2506 1207 2591 Evangelistas,
1220 2506 1261 2571 ad
1278 2528 1330 2571 res

206 2620 352 2675 narratas
373 2618 470 2696 atquc
494 2607 689 2674 admodum
712 2606 863 2673 narrandi
887 2609 1031 2691 attinent,
1057 2608 1128 2673 luce
1152 2607 1330 2674 meridiana

208 2715 324 2779 clarius
336 2711 471 2799 fulgebit
484 2713 599 2776 ueritas
610 2712 869 2796 Evangeliorum.
884 2711 956 2777 Tria
968 2719 1040 2773 sunt
1052 2710 1137 2774 eninr
1149 2731 1220 2795 quae
1232 2712 1331 2776 cuivis

208 2815 291 2879 libro
307 2814 404 2878 fidem
421 2815 603 2897 conciliant,
617 2837 681 2900 qua
698 2813 803 2900 major
817 2812 886 2877 dari
904 2814 1025 2899 nequit.
1045 2814 1078 2877 l⁰
1093 2813 1125 2877 Si
1138 2824 1249 2879 auctor
1265 2836 1330 2879 non

209 2917 306 2981 fuerit
327 2913 491 3002 deceptus3
511 2919 543 2981 2⁰
559 2919 584 2980 si
604 2918 683 2981 alios
706 2916 854 3001 decipere
874 2917 1011 2980 nolucrit
1031 2914 1177 3002 adeoque
1196 2918 1228 2980 in
1251 2938 1330 2982 nar·-

161 3014 167 3024 “
209 3022 332 3086 ratione
351 3023 491 3091 sincerus
509 3022 626 3105 lucrit3
647 3023 681 3085 5⁰
699 3023 723 3086 si
739 3023 819 3085 alios
834 3019 982 3105 decipere
998 3021 1190 3106 nequiverit,
1208 3021 1331 3087 etiamsi

210 3126 357 3210 voluerit,
373 3127 447 3212 quia
464 3124 587 3191 indoles
598 3146 707 3191 rerum
720 3134 921 3190 narratarum
938 3122 1085 3188 fraudem
1103 3125 1331 3210 impossibilem

135 3232 139 3241 '
210 3228 378 3295 reddebat.

453 3451 484 3513 l.
510 3448 712 3535 &conpelletur
734 3470 795 3511 non
817 3448 943 3532 sonunt
964 3448 1089 3532 decepti.

256 3664 288 3727 5.
308 3662 432 3727 Etenim
455 3662 661 3746 Evangelistae
678 3661 807 3724 fuerunt
824 3660 1020 3745 temporibus
1038 3660 1150 3726 Christi
1171 3663 1333 3747 aequales3

214 3773 384 3829 narrarunt
407 3784 478 3855 quae
503 3766 553 3828 vcl
575 3765 635 3849 ipsi
657 3762 806 3828 viderunt
837 3772 867 3827 et
891 3762 1060 3828 audierunt
1083 3766 1135 3828 vel
1158 3785 1178 3828 a
1205 3763 1336 3832 testibus

211 3867 277 3936 lide
301 3866 404 3952 dignis
427 3867 618 3931 didicerunt.
656 3867 725 3930 Duo
757 3887 797 3929 ex
825 3866 909 3948 iltis,
947 3868 1109 3932 Mattbaeus
1133 3875 1164 3930 et
1195 3866 1336 3929 loannes

215 3971 359 4038 omniurn
383 3970 451 4034 fere
474 3990 545 4058 quae
566 3971 758 4053 scripserunt
778 3976 870 4032 testes
893 3969 1023 4033 fuerunt
1046 3969 1163 4033 oculati
1179 3978 1210 4032 et
1227 3968 1333 4033 auriti.

250 4220 285 4282 (n
296 4216 347 4268 cn.
363 4216 439 4268 toan.
457 4215 530 4278 t‚1r;
547 4214 589 4276 ιιι,
606 4217 645 4268 n:
664 4214 773 4280 raptet.
791 4213 811 4276 1,
823 4214 879 4277 ss,
891 4221 940 4266 etc.

249 4300 347 4365 (stur.
360 4300 436 4350 roan.
450 4298 545 4363 1v‚n;
559 4299 573 4350 1
586 4299 670 4363 sper.
684 4296 727 4360 t,1
744 4305 771 4349 et
782 4298 807 4350 5.
