3168 4948
312 330 386 372 PARS
398 330 433 372 11.
449 329 542 370 CAPUT
554 328 601 371 111.
620 328 658 368 DE
670 325 794 368 carolus
805 326 840 366 ET
851 325 1010 368 lucrorum
1025 325 1068 367 1v.
1084 323 1213 368 EVANGG.
1261 306 1324 370 2⁷5

198 429 370 514 sapientes,
387 434 421 490 ut
436 426 480 489 ait
495 424 676 509 Apostolus,
695 420 860 487 latendum
876 432 983 486 tamen
1004 431 1049 487 est
1072 423 1190 507 primos
1214 421 1324 490 fideles

199 553 267 595 non
279 532 385 595 minus
395 528 527 594 idoneos
540 528 638 592 fuisse
650 527 773 612 scriptis
787 525 968 610 apostolicis
985 524 1215 610 distinguendis
1226 549 1323 613 quam

200 631 433 718 distinguendae
454 650 566 695 eorum
589 629 754 713 doctrine,
771 650 830 693 nec
853 638 918 693 tam
945 637 1076 693 acutum
1101 629 1325 714 requirebatur

199 739 365 822 ingenium
376 745 413 801 ut
427 736 496 820 quis
513 744 599 799 certo
611 735 705 798 sciret
720 754 753 797 se
769 733 889 797 habere
905 753 1017 797 verum
1032 732 1166 819 alicujus
1181 734 1325 819 Apostoli

199 842 367 926 scriptum.
387 839 534 905 Ceterum
557 837 638 901 inter
662 858 716 901 eos
741 859 805 901 non
824 834 957 900 deerant
975 837 1034 900 viri
1050 837 1160 901 litteris
1176 837 1324 902 humanis

201 944 342 1028 perfecte
357 942 485 1025 exculti,
506 949 537 1005 et
561 942 637 1005 artis
660 941 774 1004 criticae
798 938 892 1003 valde
920 940 1022 1024 periti.
1049 940 1161 1005 Critica
1180 943 1324 1006 rationa-

201 1045 302 1108 listica
317 1043 437 1124 adhuc,
455 1045 487 1107 ni
505 1043 612 1123 fallor,
632 1051 792 1127 exspectat
811 1062 902 1105 suum
921 1042 1149 1127 Hieronymum
1166 1065 1323 1130 suumque

200 1146 384 1231 Origenem.
403 1145 466 1210 Sed
484 1167 524 1210 ne
539 1145 621 1209 forte
635 1143 743 1209 dicant
758 1144 929 1229 Origenem
944 1145 1058 1209 sarculo
1072 1146 1118 1209 lll
1131 1147 1322 1212 scribentem

201 1249 411 1313 recentiorem
425 1245 537 1329 videri,
558 1245 601 1310 ab
617 1247 661 1309 eis
675 1266 782 1330 quaero
799 1268 807 1308 z
824 1244 875 1309 An
892 1246 970 1309 artis
983 1246 1099 1311 criticae
1122 1247 1262 1332 ignarus,
1280 1270 1322 1311 an

201 1351 352 1417 credulus
367 1360 422 1414 aut
445 1349 488 1414 ad
510 1351 578 1434 pias
600 1348 730 1413 fraudes
752 1349 901 1434 proclivis
917 1348 976 1413 fuit
991 1349 1132 1414 lustinus
1148 1361 1268 1436 martyr
1284 1373 1322 1415 ac

200 1454 422 1541 philosophus,
439 1453 506 1539 qui,
520 1461 693 1538 antequam
706 1472 823 1515 nomen
836 1450 960 1515 Christo
974 1449 1077 1537 daret,
1092 1473 1202 1517 omnes
1218 1455 1323 1539 philo-

200 1558 377 1642 sophorum
392 1555 517 1620 scholas
539 1551 617 1618 adiit
636 1554 807 1640 omniaque
833 1562 999 1635 systemata
1021 1565 1234 1639 perscrutatus
1250 1555 1324 1619 est?

199 1657 253 1720 An
282 1653 416 1737 creduli,
434 1654 593 1735 Tatianus,
615 1653 848 1736 Athenagoras,
870 1653 1064 1737 Theophilus
1087 1654 1319 1739 Antiochensis,

201 1759 257 1843 qui
272 1778 382 1822 omnes
395 1758 505 1821 litteris
521 1757 636 1820 exculti
652 1755 695 1820 ab
709 1754 894 1819 infidelitate
906 1754 948 1819 ad
960 1756 1169 1841 ‘Evangelium
1186 1759 1323 1822 transie-

199 1858 292 1924 runt?
307 1860 358 1924 An
376 1868 443 1924 arte
456 1860 564 1924 critica
580 1857 718 1923 destituti
734 1866 824 1922 erent
837 1858 1048 1922 Tertullianus
1064 1867 1094 1922 et
1113 1860 1251 1923 Irenaeus
1267 1863 1321 1945 qui

200 1984 276 2027 cum
304 1972 391 2027 tanta
426 1962 553 2026 solertia
588 1959 717 2025 fraudes
747 1961 967 2024 hereticorum
989 1959 1206 2025 detexerunt?
1236 1963 1323 2044 Quas

200 2071 309 2127 autem
327 2064 488 2128 cautiones
505 2064 645 2128 Ecclesia
663 2061 767 2126 statim
783 2060 825 2125 ab
840 2062 928 2126 initio
944 2061 1126 2127 adhibuerit
1142 2085 1181 2127 ne
1205 2066 1320 2149 scripta

199 2167 282 2229 falso
296 2165 356 2230 sub
371 2167 499 2230 nomine
513 2165 739 2251 Apostolorum
755 2164 886 2229 obtmsa
900 2186 959 2250 pro
973 2166 1057 2229 veris
1071 2186 1183 2230 eorum
1199 2169 1258 2231 scri
1261 2169 1322 2253 ptis

200 2268 357 2353 reciperet
373 2266 510 2332 diximus
524 2289 632 2352 supra.

245 2368 298 2432 61.
329 2367 391 2432 Sed
418 2378 531 2455 urgent
564 2371 733 2455 Evangelia
759 2370 954 2456 apocrypha,
979 2379 1010 2435 et
1033 2370 1167 2437 dicuntt
1191 2373 1216 2435 si
1240 2372 1321 2436 salso

200 2471 261 2539 suh
288 2471 416 2535 nomine
441 2471 665 2557 Apostolorum
690 2473 873 2558 apocrypha
890 2472 974 2537 edita
992 2473 1120 2538 fuerunt
1135 2475 1320 2560 Evangelia,

200 2573 318 2658 quibus
345 2574 505 2639 interdum
530 2576 579 2639 usi
606 2585 678 2639 sunt
698 2576 820 2661 antiqui
836 2578 957 2659 Patres,
974 2576 1044 2641 fieri
1060 2577 1156 2642 etiam
1172 2580 1273 2663 potuit
1288 2588 1322 2641 ut

201 2677 282 2741 falso
301 2678 360 2742 sub
376 2679 504 2743 nomine
522 2679 672 2762 Matthaei,
691 2680 802 2762 Marci,
822 2680 914 2743 Lucae
934 2689 989 2743 aut
1006 2680 1149 2764 Joannis,
1168 2682 1321 2746 canonica

201 2781 374 2865 Evangelia
389 2778 564 2866 prodierint
579 2790 609 2845 et
626 2803 646 2845 a
663 2780 810 2845 Patribus
823 2780 952 2846 laudata
966 2783 1038 2846 sint.

246 2883 299 2947 65.
324 2883 558 2969 Respondetur.
584 2884 708 2968 Duplex
741 2882 964 2969 distinguenda
998 2893 1045 2948 est
1071 2885 1190 2969 species
1211 2888 1320 2951 Euan·
1377 2942 1379 2947 .

201 2986 358 3071 geliorum
377 2986 646 3072 apocryphorum.
667 2985 718 3050 Ab
734 2985 822 3049 initio
847 2984 977 3071 quidem
997 2986 1104 3070 plures
1124 2986 1183 3050 viri
1199 2987 1320 3073 absque

200 3087 309 3152 divina
321 3089 525 3173 inspiratione
542 3088 628 3173 (Luc.
637 3089 664 3171 I,
676 3087 710 3173 l)
720 3088 824 3151 conati
837 3097 909 3151 sunt
917 3087 1088 3172 Evangelia
1106 3089 1318 3171 conscribere,

200 3212 272 3276 quae
284 3213 323 3255 eo
334 3213 427 3256 sensu
442 3201 532 3255 erant
547 3191 731 3277 apocrypha
746 3188 832 3276 quod
850 3189 957 3254 debita
973 3211 1028 3254 seu
1046 3189 1152 3256 divina
1170 3191 1321 3257 carebant

198 3294 397 3359 auctoritate.
422 3292 543 3358 Exinde
579 3303 686 3357 tamen
710 3314 775 3356 non
799 3294 941 3379 sequitur
964 3294 1044 3358 falsa
1067 3294 1163 3358 fuisse
1186 3296 1318 3378 omnia,

199 3417 272 3483 quae
289 3397 321 3460 in
346 3396 411 3461 istis
434 3396 613 3483 Evangeliis
638 3396 864 3460 recitabantur.
882 3397 994 3461 Postea
1018 3419 1095 3462 vero
1112 3397 1172 3462 suh
1191 3400 1319 3464 nomine

199 3498 425 3584 Apostolorum
441 3498 503 3562 alia
521 3495 606 3561 edita
630 3497 759 3561 luerunt
775 3498 947 3583 Evangelia
961 3498 1004 3563 ab
1018 3500 1172 3565 haereticis
1189 3509 1225 3564 ut
1239 3501 1320 3566 falsa

200 3619 256 3663 sua
272 3598 423 3683 dogmata
437 3595 656 3662 defenderent.
673 3599 782 3662 Patres
795 3608 902 3662 autem
915 3600 1037 3666 nullam
1050 3622 1193 3686 unquam
1205 3610 1320 3666 aucto-

199 3702 325 3766 ritatem
348 3699 526 3765 tribuerunt
548 3700 726 3785 Evangeliis
749 3702 962 3787 apocryphis,
999 3701 1055 3766 sod
1088 3725 1106 3767 e
1133 3711 1242 3768 contra
1265 3704 1318 3766 illa

200 3813 352 3889 tanquam
375 3804 483 3887 spuria
506 3805 649 3867 unanimi
668 3825 746 3868 voce
764 3803 955 3890 rejecerunt.
976 3803 1068 3886 Quod
1089 3805 1114 3868 si
1131 3805 1321 3889 apocryphis

199 3906 310 3991 primae
327 3906 442 3991 speciei
459 3902 618 3970 interdum
644 3906 691 3970 usi
707 3906 780 3988 sint,
796 3906 858 3971 hoc
885 3904 1003 3971 idcirco
1024 3906 1157 3970 feceriut
1179 3904 1267 3991 quod
1281 3927 1320 3969 ex

199 4007 369 4073 traditione
384 4008 526 4074 sciebant
543 4009 663 4073 lactum
680 4017 735 4073 aut
758 4009 888 4081 effatum
908 4006 995 4095 quod
1016 4007 1238 4073 memorabant
1253 4029 1321 4071 esse

199 4132 324 4194 verum,
351 4110 440 4196 quod
455 4112 529 4196 ipsis
549 4110 724 4176 sufficiebat
747 4121 781 4175 ut
801 4110 931 4175 effatum
958 4112 1092 4176 recitare
1118 4119 1255 4196 possent.
1275 4110 1320 4174 li-

200 4212 276 4278 dem
302 4223 410 4278 eutem
427 4214 536 4277 Patres
562 4213 711 4278 continuo
737 4210 895 4278 affirment
919 4221 1056 4300 quatuor
1072 4212 1237 4279 dumtaxat
1254 4233 1321 4277 esse

199 4316 372 4401 Evangelia
387 4337 490 4403 neque
502 4317 595 4402 plura
608 4325 662 4381 aut
673 4316 836 4401 pauciora.
852 4316 935 4381 Dum
948 4316 1016 4383 haec
1027 4314 1187 4381 affirmant
1197 4314 1318 4399 Patres,
