3168 4948
77 3936 93 3973 Ο

281 290 356 333 rans
368 289 403 330 11.
419 287 512 329 cucur
524 289 571 331 111.
590 288 628 329 nn
643 287 767 329 onrcrnn
778 288 814 328 ur
831 287 989 329 aucrorur.
1004 287 1047 331 rv.
1062 287 1191 330 nvancc.
1239 268 1304 331 299

178 390 302 455 ciarum
326 384 529 468 rectoribus,
553 395 588 449 ut
611 384 768 470 quidquid
792 386 866 449 novi
895 385 981 470 apud
1016 384 1100 470 ipsos
1124 386 1306 470 contigisset

178 492 362 577 imperatori
386 491 578 572 nuntiarent,
610 510 650 552 ne
675 486 754 573 quid
777 490 881 573 ipsum
904 489 1028 569 lateret,
1044 488 1162 552 Pilatus
1184 487 1225 551 de
1249 509 1306 552 re-

178 597 373 660 surrectione
387 593 563 656 Servatoris
579 592 677 655 nostri
699 592 774 654 Jesu
798 590 924 673 Christi,
943 589 1033 676 cujus
1049 612 1107 676 per
1122 592 1305 655 universam

178 699 379 763 Palaestinam
402 695 539 760 celebris
563 704 632 758 erat
655 696 755 775 lama,
775 692 816 757 ad
839 694 1001 758 Tiberium
1025 695 1203 779 principem
1223 705 1308 758 retu-

179 803 216 866 lit
222 827 232 884 3
248 802 416 886 multaque
435 799 498 862 alia
515 796 660 883 ejusdem
675 796 830 860 miracula
847 818 879 860 se
895 795 1006 860 auditu
1027 797 1186 881 accepisse
1205 797 1306 881 signi-

141 978 145 984 ,
180 903 291 986 beans,
310 911 342 965 et
359 901 496 987 qualiter
518 898 560 964 ad
583 901 681 964 vitam
703 908 882 981 revocatus,
907 920 927 962 a
948 899 1109 983 plerisque
1126 898 1197 984 jam
1221 899 1308 961 Deus

179 1007 364 1071 haberetur.
390 1005 438 1070 Ac
461 1005 623 1069 Tiberium
648 1003 779 1090 quidem
809 1024 879 1066 rem
914 1001 956 1066 ad
979 1003 1132 1067 Senatum
1156 1000 1307 1066 detulisse

181 1111 363 1196 perhibent,
377 1119 438 1174 etc.
457 1136 472 1170 »

225 1215 277 1278 20.
301 1214 437 1295 Tacitus,
458 1211 564 1275 saeculi
580 1211 594 1273 Ι
611 1210 756 1294 scriptor,
774 1210 807 1271 in
823 1209 886 1272 suis
901 1208 1076 1273 Annalibus
1092 1210 1140 1295 (1)
1156 1209 1197 1276 de
1210 1212 1283 1277 Chri
1299 1250 1305 1257 ·

183 1317 291 1381 alianis
307 1336 405 1399 agens
421 1313 529 1379 scribit
549 1336 556 1376 :
578 1312 731 1376 «Auctor
754 1311 824 1400 ejus
845 1312 981 1374 nominis
1003 1311 1154 1394 Christus,
1181 1314 1307 1379 Tiberio

182 1418 395 1502 imperitante,
412 1406 471 1502 per
484 1424 725 1501 procuratorem
743 1416 891 1480 Pontium
904 1415 1042 1480 Pilatum
1054 1420 1209 1503 supplicio
1223 1419 1307 1484 affe-

184 1530 320 1584 ctusest.
338 1546 353 1580 »
1046 1588 1049 1597 Χ

227 1623 280 1686 Pl.
298 1623 415 1685 Thalus
428 1621 489 1708 (P),
511 1642 632 1706 grecus
648 1620 791 1706 ejusdem
809 1621 915 1684 sacculi
930 1631 1052 1707 auctor,
1078 1634 1208 1690 testatur
1222 1647 1309 1689 anno

184 1728 227 1791 18
240 1724 368 1805 Tiberii,
387 1746 450 1810 quo
467 1746 551 1788 anno
568 1724 708 1789 Christus
732 1733 875 1788 mortuus
897 1733 956 1807 est,
979 1725 1116 1791 subitam
1139 1729 1307 1813 caliginem
1355 1773 1358 1778 -

187 1830 219 1892 in
244 1830 312 1913 ipsa
335 1827 469 1892 meridie
492 1830 592 1892 visam
615 1827 723 1891 fuisse.
751 1827 895 1891 Concinit
917 1828 1060 1913 Phlegon
1078 1828 1150 1913 (5),
1176 1827 1309 1892 Adriani

185 1933 385 2015 imperatoris
411 1930 555 1995 libertus.
582 1932 638 2014 ls,
663 1938 834 2015 postquam
870 1933 994 2015 scripsit
1016 1931 1175 1996 Christum
1207 1933 1309 1995 multa

186 2036 411 2120 praenuntiasse
428 2056 499 2120 quae
516 2044 587 2099 sunt
604 2043 720 2099 eventu
743 2035 915 2118 completa,
940 2045 971 2098 et
994 2036 1076 2100 inter
1097 2037 1158 2100 alia
1183 2038 1311 2100 ruinam

187 2136 276 2199 urbis
291 2137 506 2221 ierosolymae,
525 2135 615 2200 addit
633 2160 641 2199 ι
661 2160 675 2195 «
694 2135 815 2216 Quarto
830 2157 915 2200 anno
928 2137 1117 2223 olympiadis
1131 2138 1194 2202 202
1210 2138 1310 2223 (anno

187 2240 228 2302 18
245 2239 374 2321 Tiberii,
393 2260 457 2324 quo
477 2260 562 2303 anno
585 2239 727 2304 Christus
747 2259 858 2323 passus
879 2239 938 2324 est)
959 2259 1076 2323 magna
1099 2248 1129 2304 et
1153 2240 1312 2304 excellens

187 2344 269 2405 inter
293 2363 422 2424 omnes,
446 2363 518 2427 quaa
540 2352 613 2407 ante
637 2364 709 2406 eam
735 2340 943 2425 acciderant,
968 2340 1105 2408 delectio
1129 2344 1202 2407 solis
1225 2343 1311 2407 facta

189 2455 245 2509 est.
272 2447 345 2509 Dies
367 2447 447 2509 hora
471 2456 556 2511 sexta
580 2447 623 2509 ita
647 2447 679 2509 in
702 2444 935 2509 tenebricosam
959 2455 1085 2509 noctem
1108 2467 1218 2509 versus
1240 2454 1286 2510 est
1299 2494 1310 2528 ,

187 2557 222 2611 ut
237 2548 334 2612 stellae
350 2528 382 2613 in
399 2549 478 2612 coelo
493 2550 568 2613 risae
583 2550 655 2630 sint,
669 2557 825 2633 terraeque
843 2557 947 2613 motus
962 2548 995 2611 in
1010 2543 1157 2634 Bythinia
1173 2548 1310 2613 Nicaeam

188 2649 301 2713 urbem
326 2650 525 2715 subverterit.
547 2651 788 2714 »Tertullianus
808 2648 942 2734 (hiem
964 2648 1099 2714 adstruit
1121 2671 1160 2713 ex
1182 2650 1314 2714 archivis

189 2755 349 2817 romanis:
369 2751 524 2819 «Eodem
551 2761 715 2817 momento
744 2751 822 2838 (qno
850 2752 990 2819 Christus
1016 2773 1125 2838 passus
1154 2754 1212 2837 est)
1229 2752 1311 2836 dies,

184 2853 327 2919 medium
349 2855 461 2921 orbem
479 2856 622 2942 signante
640 2856 719 2939 sole,
738 2854 894 2920 subducta
914 2866 972 2921 est.
995 2857 1177 2943 Deliquium
1201 2857 1313 2942 utique

184 2967 399 3042 putaverunt,
421 2959 476 3044 qni
508 2956 541 3022 id
577 2980 707 3045 qnoque
738 2979 833 3042 super
857 2958 980 3023 Christo
1009 2957 1217 3043 predicatum
1246 2981 1313 3024 non

185 3060 334 3123 scierunt.
357 3060 396 3123 Et
412 3069 518 3124 tamen
536 3081 611 3126 eum
629 3059 742 3124 mundi
760 3081 869 3124 casum
887 3061 1024 3124 relatum
1040 3061 1073 3124 in
1093 3061 1219 3124 arcanis
1243 3060 1313 3146 (alii
1334 3130 1337 3135 ,

186 3159 281 3225 codd.
304 3162 337 3225 in
353 3161 503 3247 archivis)
519 3163 629 3226 vestris
645 3162 782 3226 hahetis.

123 3340 124 3343 Ἴ
229 3267 282 3329 22.
302 3265 494 3350 Chalcidius,
520 3267 729 3352 philosophus
751 3268 930 3352 platonicus
952 3268 1036 3332 tertii
1059 3268 1178 3351 saeculi,
1203 3269 1236 3332 in
1254 3290 1314 3333 suo

188 3370 400 3431 commentario
416 3370 448 3431 in
468 3368 613 3433 Timarum
629 3369 769 3433 Platonis
786 3371 980 3433 mentionem
993 3369 1069 3437 lacit
1080 3367 1121 3433 de
1133 3378 1205 3435 ortu
1223 3390 1314 3434 norae

187 3469 285 3532 stellae
300 3479 331 3533 et
348 3468 534 3535 adoratione
547 3491 727 3556 magorum.
743 3471 922 3537 Macrobius
939 3471 988 3558 (5)
1004 3470 1124 3537 caedem
1144 3473 1313 3539 infantium

188 3592 371 3636 memorans
394 3573 493 3637 refert
520 3572 620 3658 quod,
640 3595 714 3639 cnm
735 3572 1055 3664 audissetllngustus
1079 3577 1161 3640 inter
1183 3597 1312 3660 pueros,

189 3695 269 3759 quos
291 3675 324 3738 in
348 3674 437 3760 Syria
460 3674 617 3758 Herodes,
640 3698 697 3739 rex
718 3675 914 3761 ludaeorum,
939 3677 1023 3745 infra
1045 3677 1202 3742 bimatum
1218 3677 1314 3762 jussit

190 3776 304 3860 occidi,
326 3777 427 3841 filium
451 3800 580 3865 quoque
603 3777 671 3864 ejus
689 3780 903 3863 interiectum,
923 3781 994 3844 ait:
1020 3780 1164 3845 «Melius
1181 3788 1226 3843 est
1243 3780 1315 3842 He-

223 3978 260 4041 (1)
270 3976 385 4030 Annales
397 3977 448 4037 XV,
463 3978 504 4031 nl.

223 4057 259 4123 (P)
274 4057 393 4108 Historia
406 4059 518 4121 Syriaca
533 4059 551 4108 l.
569 4057 610 4110 lll.

226 4137 262 4202 (3)
275 4138 423 4204 olympiad.
433 4139 453 4190 l.
464 4137 528 4190 lllll.

226 4219 353 4287 nrnpot.
364 4219 405 4273 n.
419 4219 470 4273 cn.
486 4224 547 4274 aaa.
564 4220 677 4287 ruam,
692 4224 733 4290 n3
749 4224 875 4277 rucanas
886 4238 926 4291 ap.
942 4225 1036 4279 nunu
1053 4225 1120 4279 arn.
1130 4225 1201 4279 rear.
1213 4194 1294 4290 une

228 4301 263 4379 (5)
277 4303 413 4356 saturnal.
429 4304 445 4356 1.
459 4303 490 4369 ll,
504 4305 531 4357 4.
