3132 4964
264 325 327 388 tat
479 345 678 387 mraonucrro
695 344 840 386 serenus
856 344 889 385 m
904 344 930 388 s.
948 335 1147 391 scararum.

264 468 329 510 nou
344 438 429 509 recte
446 443 567 509 dictum
580 446 699 508 suisset.
719 444 760 507 At
774 465 848 508 vero
863 443 1025 508 Cornelius
1038 465 1058 508 a
1073 445 1205 531 Lepide,
1219 448 1393 533 Marchini,

262 549 422 630 Janssens,
443 547 561 629 Glaire,
583 547 708 629 Danko,
727 547 866 628 Reusch,
882 547 947 630 alii,
967 547 1147 633 intelligunt
1167 572 1282 613 anunm
1294 555 1394 636 quin-

263 663 326 713 tum
344 653 377 715 c'u
400 663 540 735 ternpore,
555 649 587 713 id
605 658 662 731 cst,
681 671 700 710 o
718 660 859 733 tempore,
878 670 936 735 quo
949 661 1091 734 ceperunt
1107 648 1248 715 ctatdaei
1258 655 1393 717 Jerusa-

263 752 320 816 lem
333 765 361 838 ct
372 754 587 817 succenderunt
598 775 664 815 conr
677 755 753 836 iqui.
759 751 841 815 Nam
854 752 887 814 in
900 751 982 815 libro
994 752 1122 816 Barudr
1134 754 1263 837 ponitur
1273 756 1392 821 ultima

263 854 417 919 desolatio
424 856 651 941 Hierosolyma
660 865 814 940 tanquam
821 852 893 940 jam
904 856 1075 939 praeterita,
1083 865 1114 919 et
1125 859 1274 922 asseritur
1283 859 1390 923 Deum

263 954 432 1028 adduxisse
458 978 553 1042 super
576 954 703 1020 Judaeos
722 955 802 1018 mata
824 973 891 1041 quoe
910 979 971 1020 noo
991 969 1062 1029 eant
1079 959 1160 1044 facta
1179 960 1232 1023 aab
1257 961 1337 1036 caelo,
1353 975 1391 1026 ut

263 1059 458 1123 manducaret
471 1059 557 1123 honre
578 1081 681 1123 carnes
701 1058 763 1143 fittt
776 1061 826 1121 sui
841 1070 869 1121 et
884 1081 987 1123 earnes
1002 1058 1078 1144 filia
1091 1081 1154 1124 auce
1168 1061 1256 1149 (Bar.
1274 1063 1317 1145 ΙΙ,
1337 1065 1386 1148 2),

264 1158 351 1245 quod
386 1161 418 1224 in
452 1161 565 1224 ultima
593 1160 681 1223 urbis
705 1158 870 1224 obsidione
899 1160 1020 1225 factum
1045 1163 1141 1226 luisse
1164 1164 1322 1249 colligitur
1346 1186 1388 1228 ex

262 1263 399 1324 doment.
420 1262 462 1342 ΙΙ,
483 1263 514 1345 25
532 1262 588 1343 IV,
607 1262 660 1325 lo.
681 1260 764 1324 Illud
784 1283 859 1326 vero
876 1284 1080 1349 nequaquam
1095 1265 1202 1328 locum
1220 1265 1332 1329 babuit
1352 1267 1388 1329 iu

263 1363 427 1427 obsidione
442 1364 501 1427 sub
525 1364 677 1428 lechonia
704 1364 799 1444 lacta,
815 1366 847 1427 in
868 1386 932 1449 qua
948 1366 1044 1428 ctiam
1059 1365 1136 1429 urbs
1152 1387 1217 1430 non
1233 1367 1292 1431 fuit
1311 1369 1387 1452 igne

265 1487 427 1530 succensa.
459 1467 615 1530 Praetcrea
638 1466 726 1552 (Bur.
750 1467 792 1548 ll,
818 1467 873 1552 26)
895 1468 1024 1551 ponitur
1046 1468 1201 1552 templum
1223 1490 1383 1536 eversum.

266 1569 343 1650 Quae
357 1578 464 1633 autem
480 1572 555 1632 Bor.
570 1570 596 1652 Ι,
617 1570 670 1652 to,
686 1570 726 1632 ll
740 1575 923 1633 asseruntur
939 1568 979 1633 de
995 1570 1087 1633 altari
1103 1581 1133 1634 et
1152 1571 1270 1655 templo
1287 1572 1386 1635 intel-

262 1672 317 1754 ligi
334 1679 465 1755 possunt
477 1671 517 1735 dc
529 1673 734 1756 parvoaltari
750 1672 783 1735 in
800 1673 892 1736 ruina
908 1673 1018 1758 templi
1037 1681 1142 1736 erecto
1157 1670 1200 1736 ad
1213 1672 1385 1738 colendum

260 1775 376 1838 Deum.
390 1775 473 1839 Hinc
486 1777 551 1838 der.
566 1776 648 1858 XLI,
664 1775 831 1860 blegimus
851 1777 1009 1861 octoginta
1027 1775 1111 1839 viros
1127 1774 1168 1839 de
1185 1776 1324 1860 Sichem,
1342 1775 1386 1841 dc

261 1876 326 1942 Silo
343 1886 373 1940 et
385 1877 427 1941 de
438 1878 582 1942 Samaria
596 1879 718 1942 venisse
731 1887 765 1941 ut
780 1876 930 1942 offerrent
941 1899 1076 1942 munera
1088 1879 1121 1941 in
1133 1876 1230 1944 domo
1242 1879 1382 1962 Domini,

207 2006 211 2013 ⁴
261 1981 407 2064 quamvis
427 2002 492 2044 non
512 1981 649 2065 amplius
673 1988 809 2045 exstaret
833 1978 947 2044 domus
971 1981 1109 2064 Domini,
1136 1980 1294 2068 siquidem
1315 1981 1385 2046 baec

260 2092 331 2167 post
346 2083 472 2145 ruinam
487 2082 599 2167 templi
612 2081 660 2168 (l)
677 2084 888 2167 contigerunt.

162 2189 189 2216 ³
270 2172 289 2281 l
304 2184 336 2248 5.
366 2185 475 2248 Tectae
497 2197 524 2246 et
553 2190 717 2249 versiones.
743 2180 874 2248 Librum
907 2183 1034 2247 Baruch
1064 2183 1213 2277 Q
1238 2185 1385 2270 primitus

260 2287 475 2372 conscriptum
490 2289 585 2351 luisse
603 2288 762 2372 colligitur
773 2296 841 2350 tum
859 2309 897 2350 ex
909 2286 1121 2351 locutionibus
1137 2287 1294 2352 hebraicis
1310 2289 1385 2373 qui·

259 2391 320 2454 bus
345 2401 442 2455 scatet
461 2393 564 2455 versio
585 2412 701 2475 graeca,
719 2399 786 2454 tum
805 2412 844 2454 ex
863 2391 1007 2455 versione
1032 2391 1153 2477 syriaca
1174 2391 1339 2476 hexaplari
1363 2413 1385 2455 a

259 2492 384 2556 Ceriani
398 2490 495 2574 edita,
504 2494 537 2573 in
551 2514 614 2578 qua
627 2491 787 2555 habentur
798 2491 949 2557 lectiones
957 2493 1052 2556 variae
1065 2514 1104 2556 ex
1115 2492 1244 2557 hebraeo
1257 2491 1387 2583 desum-

259 2604 321 2680 pta
333 2594 393 2679 (2).
405 2595 520 2658 Textus
529 2604 637 2659 autem
650 2595 796 2659 hebraeus
803 2595 874 2680 jam
887 2617 907 2659 a
919 2605 1064 2680 tempore
1075 2596 1108 2660 S.
1121 2596 1307 2682 Hieronymi
1316 2617 1384 2660 non

259 2698 397 2782 amplius
418 2698 572 2762 exstabat.
590 2699 701 2765 Versio
726 2700 823 2763 latina
840 2697 985 2763 editionis
1007 2700 1163 2786 Vulgata,
1188 2696 1385 2786 Hieronymo

235 2872 238 2878 Δ
259 2787 360 2864 multo
373 2801 545 2886 antiquior,
560 2823 600 2864 ex
611 2821 714 2885 graeco
728 2801 815 2865 fonte
827 2800 964 2873 deducta
977 2809 1023 2865 est
1036 2793 1149 2921 (5).>ln
1161 2801 1271 2866 Bibliis
1286 2802 1384 2866 Wal-

259 2892 340 2969 tonis
364 2915 486 2969 exstant
501 2906 661 2969 versiones
676 2904 760 2988 duee,
780 2906 900 2990 syriaca
915 2927 991 2988 una,
1012 2904 1142 2970 arabica
1156 2898 1267 2988 altera,
1284 2907 1383 2970 textui

260 3028 363 3092 graeco
375 3008 449 3073 satis
461 3008 654 3072 conformes.
748 3038 769 3093 ,c

131 3132 178 3230 ,2
192 3120 219 3208 ζ,
281 3102 337 3217 (6.
351 3112 524 3215 Auctoritas
535 3115 689 3207 cononice.
705 3112 819 3194 Magna
832 3110 867 3174 fit
879 3110 1093 3175 controversia
1108 3111 1190 3174 inter
1206 3110 1385 3175 Catholicos

261 3223 291 3277 et
303 3214 517 3278 Protestautes
530 3213 570 3278 de
583 3214 769 3277 auctoritate
782 3213 854 3277 libri
871 3213 1010 3277 Baruch.
1025 3211 1152 3277 Baruch
1168 3212 1251 3276 inter
1266 3210 1383 3276 deute-

258 3319 450 3381 rocanonica
463 3318 579 3402 scripta
592 3316 635 3380 ab
649 3317 789 3380 Ecclesia
806 3317 988 3401 reponitur3
1007 3337 1026 3379 a
1042 3314 1291 3379 Protcstanlibus
1304 3336 1384 3380 vero

260 3421 341 3483 inter
354 3421 550 3506 apocrypha.
659 3432 663 3443 “

304 3524 335 3585 7.
362 3522 462 3586 ludaei
483 3522 614 3609 quidem
635 3524 724 3586 illum
743 3523 774 3584 in
797 3544 853 3586 suo
872 3544 994 3586 canone
1011 3542 1075 3585 non
1093 3532 1274 3586 numerant.
1293 3521 1384 3585 Illius

259 3638 366 3692 umen
385 3627 503 3690 mentio
527 3626 664 3690 occurrit
682 3623 768 3710 apud
792 3623 1025 3688 Thalmudistas
1039 3622 1100 3709 (4),
1115 3633 1146 3689 et
1163 3622 1250 3710 quod
1266 3624 1382 3709 praeci·
1446 3660 1451 3667 ·

259 3750 360 3815 puum
380 3738 436 3812 est,
453 3727 565 3791 ceteris
583 3727 671 3790 libris
692 3726 788 3790 sacris
812 3735 1041 3790 annumeratur
1064 3724 1260 3790 inversione
1284 3725 1380 3809 LXX,

292 3947 329 4012 (t)
341 3948 392 4001 Cfr.
406 3949 476 3998 ltible
488 3948 520 3999 de
533 3948 615 3999 Vence
627 3947 668 3997 ed.
681 3946 801 3996 aventon.
815 3952 835 3996 t.
847 3946 879 4006 x,
892 3945 951 4006 tao,
967 3959 1022 4010 sqq.

275 4018 328 4094 ta)
339 4030 395 4080 vn.
411 4029 529 4089 seuseu,
540 4027 670 4094 renarra.
685 4028 729 4089 n,
741 4029 767 4079 a.

291 4111 327 4175 (ὅ)
345 4112 427 4176 llujus
444 4113 564 4164 versionis
580 4114 637 4163 duce
653 4118 753 4162 exstant
768 4111 927 4162 recensiones
945 4125 952 4161 τ
970 4125 1020 4162 una
1038 4123 1094 4173 qua
1110 4111 1217 4162 habetur
1230 4109 1257 4160 in
1270 4110 1381 4161 edictam

260 4194 374 4257 Vulgata,
390 4195 468 4245 altera
482 4196 508 4245 in
524 4194 610 4246 Bibliis
624 4193 707 4244 latinis
724 4193 854 4244 Sabatieri.
870 4192 950 4244 Atiam
966 4192 1097 4258 antimum
1116 4193 1219 4246 latinam
1240 4192 1381 4246 versionem

260 4274 340 4326 edidlt
351 4275 486 4335 'romanaet
500 4275 586 4326 Romae
598 4274 670 4325 1688.
708 4332 710 4337 y

293 4356 328 4421 (t)
340 4355 393 4407 Glr.
403 4356 453 4408 los.
466 4357 594 4418 numism,
608 4356 740 4408 Obserool.
752 4358 781 4408 io
789 4369 898 4422 praem.
913 4355 1037 4423 Puciontr
1048 4355 1115 4421 (idat.
1128 4354 1197 4420 Ltus,
1209 4353 1281 4407 teat.
