3166 4958
373 330 448 381 rans
462 328 497 370 11.
517 328 610 372 earm
624 330 659 373 11.
678 329 934 373 renumerares.
948 329 1084 397 romara.
1241 310 1304 374 255

174 453 251 496 eum
278 432 348 501 solo
370 429 528 510 Matthaeo,
552 427 701 514 quaedanr
733 449 807 494 cum
826 428 893 492 solo
917 429 1037 508 Marco,
1068 429 1222 492 nonnulla
1245 429 1303 513 ipsi

174 533 309 625 prppria
333 539 417 613 sunt,
446 537 481 593 ut
501 550 533 593 v.
563 549 594 613 g.
621 531 766 593 nativitas
781 529 913 593 Joannis
929 528 1087 613 Baptista,
1105 529 1304 597 annuntiatio

175 635 395 720 conceptionis
406 632 532 713 Christi,
553 633 762 715 circumcisio,
785 633 984 717 praesentatio
999 633 1032 695 in
1050 633 1182 716 templo,
1205 652 1304 716 para-

146 755 149 759 ’
175 737 260 802 belae
273 736 315 800 dc
331 735 376 799 fi·
414 732 560 820 prodigo,
578 732 618 797 de
636 736 742 800 villico
759 735 943 820 iniquitatis,
957 733 999 798 de
1016 732 1113 798 divite
1126 742 1158 797 et
1172 735 1302 817 Lazaro,

176 851 240 906 ete.
264 836 333 903 Ord
398 846 498 919 utem,
523 857 620 922 quem
643 839 788 922 sequitur
811 838 843 901 S.
870 838 983 919 Lucas,
1008 837 1110 922 magis
1132 835 1239 901 differt
1261 836 1304 901 ab

176 939 292 1006 ordine
312 959 412 1045 quqm
436 946 611 1023 sequuntur
629 938 793 1004 Matthaeus
815 948 848 1002 et
871 939 996 1003 Marcus
1023 948 1055 1003 et
1073 941 1304 1004 accuratiorem

148 1089 152 1094 -
177 1040 394 1151 Qfl‘llffiiae
409 1025 718 1143 animantiam&
1071 1028 1086 1033 ”

475 1274 516 1340 V.
540 1275 588 1337 De
606 1274 772 1361 annpelt'o
795 1274 830 1339 S.
855 1276 997 1340 Joanstr.

222 1514 255 1576 l.
273 1484 660 1603 Arpnmentnrrt„[Supplet
683 1509 822 1573 loannes
839 1531 876 1573 ea
895 1530 966 1595 quae
981 1531 1003 1574 a
1027 1509 1128 1574 tribus
1145 1509 1305 1596 prioribus
1334 1476 1378 1557 ἰ’

128 1611 131 1616 ’
179 1615 295 1679 omissa
316 1622 433 1677 suntet
453 1611 618 1698 inquibus
640 1613 777 1695 maxime
791 1613 895 1676 elucet
909 1610 1055 1706 diffinitas
1068 1611 1192 1705 chiffl}
1210 1613 1305 1678 Post·
1327 1699 1330 1704 Ι

180 1714 279 1803 quarn
300 1717 388 1781 enim
413 1714 492 1778 dixit
514 1713 657 1779 Verbum
674 1715 729 1778 Ilei
757 1716 957 1779 incarnatum
982 1736 1050 1778 esse
1073 1724 1105 1778 et
1130 1737 1152 1780 a
1180 1716 1304 1781 Joanne
1388 1762 1430 1811 ἦ,

180 1819 322 1906 Baptista
334 1819 546 1883 testimonium
556 1818 720 1902 habuisse,
730 1829 839 1882 narrat
850 1819 1050 1883 vocationem
1060 1818 1306 1903 priorumdisci-
1393 1807 1455 1885 r'f'
1495 1805 1501 1818 ’

182 1923 344 2007 pulcrum,
371 1921 561 1986 miraculum
587 1922 620 1984 in
643 1921 729 1985 Cana
753 1921 885 2003 factum,
909 1921 1069 2006 colloquia
1093 1921 1205 1986 Christi
1230 1943 1304 1987 cum
1383 1932 1387 1943 ’
1412 1904 1421 1941 i

181 2025 356 2089 Nicodemo
369 2035 400 2090 et
413 2046 486 2089 cum
499 2025 633 2088 muliere
646 2024 846 2088 Samaritana
859 2023 974 2110 (t-lv).
987 2024 1170 2109 Sequuntur
1183 2026 1304 2088 sanatio

181 2129 289 2213 aegroti
315 2129 530 2193 antennarum
557 2137 587 2192 et
607 2128 826 2213 multiplicatio
848 2124 967 2211 panum
990 2125 1123 2212 (V-VI).
1140 2126 1305 2191 subnectit
1389 2138 1394 2145 '

179 2233 381 2317 Evangelista
396 2252 467 2318 quae
487 2232 562 2296 fecit
575 2231 667 2294 lesus
690 2233 723 2294 in
740 2230 919 2295 Jerusalem
941 2231 975 2293 in
992 2230 1072 2294 festo
1088 2215 1344 2316 Scenopegtae,.l
1357 2218 1367 2255 ²
1394 2228 1408 2261 ³

148 2335 346 2399 :historiam
375 2335 516 2398 mulieris
543 2331 706 2415 adulterae,
735 2333 930 2396 sanationem
954 2333 1027 2396 caeci
1051 2332 1131 2411 nati,
1158 2353 1305 2397 resurre-

181 2438 320 2499 ctionem
333 2434 440 2500 Lazari
454 2436 485 2498 in
495 2435 664 2517 Bethania,
685 2435 811 2520 aliaque
826 2455 930 2519 pauca
950 2454 1050 2517 usque
1066 2430 1108 2496 ad
1123 2433 1305 2518 triumpha-

179 2540 246 2601 lem
256 2539 435 2623 ingressum
448 2539 480 2601 in
493 2536 511 2601 J
514 2538 670 2600 erusalcm
680 2535 860 2621 (Vll-XII).
874 2535 1023 2620 Sequitur
1035 2534 1174 2599 namatio
1187 2534 1306 2598 ultimae

182 2660 280 2705 coenae
312 2650 342 2703 et
375 2660 559 2704 sermonum
589 2660 668 2726 quos
690 2638 753 2703 bac
775 2638 943 2702 occasione
967 2636 1106 2701 Christus
1127 2635 1241 2701 habuit
1264 2636 1307 2700 ad

180 2740 353 2826 discipulos
380 2742 606 2828 (terrentur).
633 2742 770 2805 Historia
802 2726 977 2826 passionis,
1007 2740 1245 2820 resurrectionis
1274 2749 1307 2803 et

180 2845 418 2929 apparitionum
444 2846 557 2910 Christi
582 2846 756 2910 resuscitati
785 2842 826 2908 ad
851 2842 1022 2928 discipulos
1046 2841 1165 2906 librrun
1187 2817 1327 2933 claudiss

181 2945 423 3033 (xviri-xm).

227 3051 258 3112 2.
275 3051 400 3114 Auctor.
403 3032 593 3141 [Auctorem
621 3051 724 3137 quarti
746 3049 909 3134 Evangelii
930 3048 1100 3131 loannem,
1113 3004 1339 3132 decipiemini
1398 3076 1437 3101 :n
1475 3054 1481 3061 “

181 3172 281 3237 quern
299 3150 452 3238 diligebat
467 3154 569 3238 Jesus,
588 3164 652 3217 tota
670 3153 840 3238 antiquitas
855 3152 981 3215 salutat.
1001 3150 1071 3214 Hoc
1090 3150 1156 3235 ipse
1168 3148 1307 3213 Joannes

178 3255 362 3323 affirmavit
380 3259 475 3341 Nam,
503 3260 638 3346 loquens
660 3256 703 3322 (le
727 3256 882 3341 discipulo
906 3277 925 3319 a
947 3254 1023 3318 Jesu
1040 3251 1155 3317 dilecto
1172 3254 1215 3316 ait
1232 3252 1281 3338 (l)
1297 3276 1305 3315 ε

180 3361 241 3424 Hic
257 3360 484 3447 eatdiseipnlua
501 3361 550 3425 itte
570 3365 624 3447 qni
639 3363 841 3424 testimonium
861 3357 996 3444 perhibet
1011 3356 1047 3420 de
1060 3355 1120 3430 his,
1137 3368 1164 3419 et
1186 3358 1307 3441 scripsit

178 3464 243 3525 haec
254 3486 269 3544 ,·
303 3476 330 3526 et
365 3467 475 3530 seinans
511 3467 583 3550 quia
611 3485 713 3528 nerum
739 3474 781 3526 est
806 3462 1008 3525 testimoninm
1036 3456 1128 3557 ey'ua]
1139 3443 1238 3551 hiatus
1262 3467 1308 3522 est

179 3574 290 3630 antem
313 3567 454 3631 loannes
475 3565 652 3632 Bethsaida
673 3567 708 3630 in
731 3564 873 3646 Galilaea,
898 3573 988 3650 patre
1012 3561 1178 3644 Zebedaeo,
1205 3546 1315 3626 matre

179 3667 322 3751 Salome,
340 3690 438 3754 quam
458 3671 621 3755 Scriptura
636 3678 780 3733 recenset
795 3669 877 3731 inter
895 3667 1032 3752 caspias
1049 3665 1198 3745 mulieres
1224 3683 1306 3749 qnae,

177 3787 260 3829 cum
283 3790 323 3832 ex
345 3768 438 3835 bonis
461 3773 526 3835 suis
551 3769 677 3835 Christo
703 3771 932 3833 ministrassent
962 3766 1040 3831 dum
1063 3763 1309 3851 perambulabat
1362 3762 1371 3797 '⁵

178 3866 339 3955 Judaeum,
353 3873 445 3958 juxta
459 3894 587 3938 crucem
604 3869 672 3958 ejus
689 3880 841 3935 steterunt
856 3881 952 3957 atque
967 3890 1039 3934 cum
1057 3865 1251 3932 aromatibus
1266 3865 1307 3931 ad

180 3969 253 4055 ejus
269 3975 451 4063 sepulcrum
477 3984 643 4040 venerunt.
670 3975 799 4039 iuvenis
821 3972 929 4038 adhuc
951 3962 1021 4037 erat
1040 3972 1191 4052 loannes,
1208 3990 1307 4054 quum

120 4168 125 4183 Ι
179 4071 274 4159 Jesus
300 4078 385 4143 eirca
411 4100 502 4144 mare
526 4078 665 4146 Galilaea
683 4070 877 4165 ‘praeteriens
904 4080 1008 4164 ipsum
1032 4074 1227 4141 cumfratre
1251 4096 1308 4140 suo

218 4360 256 4423 (l)
272 4360 349 4410 loon.
366 4358 430 4421 xxt,
445 4359 486 4411 at.
