3168 4948
251 332 313 398 att
477 350 676 394 ruruouuorro
695 350 842 392 srucnsrs
856 350 889 392 rn
905 350 930 392 s.
951 351 1151 396 scnrrrunrrr.

250 452 381 517 ravisse.
398 451 482 514 Num
498 451 581 535 passi
600 450 731 514 luissent
746 449 889 534 Apostoli
907 459 942 513 ut
959 450 1075 536 impius
1094 451 1248 535 impostor
1264 468 1379 512 eorum

251 555 437 620 auctoritate
453 552 663 618 abuteretur?
676 551 740 616 Sed
758 574 864 639 neque
886 554 958 618 talis
981 553 1157 639 suppositio
1177 552 1244 616 fieri
1260 553 1377 638 potuit,

251 657 409 744 Apostolis
433 657 497 720 vita
521 656 648 720 lundis.
667 656 749 718 Nam
764 657 943 721 testimonia
963 658 1095 720 Patrum
1116 664 1147 720 et
1163 656 1258 719 totius
1274 653 1373 718 tradi-

252 760 346 823 tionis
362 758 499 843 probant
518 758 690 843 Evangelia
707 755 782 821 iude
798 758 841 822 ab
858 760 1085 844 Apostolorum
1100 758 1240 822 discessu
1253 755 1324 843 jam
1344 758 1377 819 in

253 862 392 925 ecclesiis
414 862 596 946 apostolicis
619 869 719 940 nota,
744 882 910 945 possessa,
935 862 1076 946 perlecta
1098 869 1129 925 et
1151 880 1275 924 summa
1299 880 1379 924 cura

252 971 375 1026 servata
392 963 487 1027 luisse
503 972 656 1048 tauquam
671 984 764 1026 verus
782 963 1006 1048 Apostolorum
1023 964 1128 1027 foetus.
1148 962 1227 1043 Quis
1240 983 1378 1048 persua-

252 1064 329 1129 dere
352 1067 503 1150 potuisset
524 1066 664 1129 ecclesiis
684 1067 822 1150 AEgypti,
844 1064 975 1147 tudaeae,
995 1065 1102 1152 Syriae,
1123 1065 1217 1148 Asiae,
1234 1063 1375 1144 Graeciae,

252 1169 364 1232 Romae
374 1176 404 1231 et
415 1168 541 1249 Africae,
553 1167 726 1252 Evangelia
737 1176 883 1231 recenter
895 1167 1244 1251 fabricata,Evangelia
1256 1167 1377 1229 nemini

252 1270 417 1355 hucusque
431 1280 517 1353 nota,
530 1260 599 1334 esse
616 1272 780 1355 proprium
794 1271 1020 1355 Apostolorum
1033 1268 1134 1356 opus?
1146 1269 1289 1354 Apostoli
1301 1269 1377 1353 plu·

252 1373 349 1435 rimos
373 1372 619 1438 efformaverant
650 1371 843 1458 discipulos,
881 1373 997 1459 quibus
1029 1373 1178 1438 ecclesias
1207 1382 1237 1436 et
1264 1392 1377 1436 veram

252 1475 431 1539 doctrinam
450 1474 690 1540 custodiendam
709 1474 919 1558 tradiderant,
940 1498 980 1540 an
1001 1477 1152 1561 potuisset
1172 1476 1242 1562 quis
1259 1495 1312 1540 eos
1332 1476 1377 1539 ita

253 1576 400 1661 decipere
426 1585 459 1640 ut
483 1587 667 1662 reputarent
686 1599 719 1642 se
736 1578 778 1642 ab
794 1578 954 1664 Apostolis
969 1579 1128 1665 accepisse
1144 1598 1215 1664 quae
1230 1587 1377 1642 recenter

253 1679 381 1743 inventa
401 1679 555 1762 sciebant,
575 1689 629 1744 aut
649 1679 816 1745 crederent
835 1682 994 1767 magistris
1010 1682 1072 1745 suis
1088 1679 1257 1745 tribuenda
1277 1700 1315 1744 ea
1334 1679 1376 1744 de

253 1781 369 1868 quibus
382 1783 524 1868 Apostoli
538 1804 702 1870 nunquam
715 1794 805 1848 erant
817 1783 935 1849 locuti?
945 1784 996 1847 An
1009 1782 1149 1849 ecclesia
1161 1804 1180 1847 a
1193 1804 1225 1846 se
1238 1783 1376 1846 invicem

253 1885 377 1971 longius
400 1886 526 1970 dissita,
551 1889 716 1970 Romana,
740 1887 907 1970 Africana,
932 1886 1164 1969 Alexandrina,
1189 1886 1377 1970 Hierosoly-

253 1989 384 2072 mitana,
403 1990 613 2073 Antiocheno,
631 1990 801 2075 Ephesius,
820 1993 901 2075 aliae,
916 1989 1033 2055 adduci
1051 1992 1225 2076 potuissent
1241 1997 1275 2052 ut
1290 2010 1377 2052 una-

253 2092 330 2155 nimi
355 2113 509 2156 consensu
529 2094 717 2178 reciperent,
742 2094 775 2157 in
794 2094 920 2179 liturgia
943 2094 1126 2176 recitarent,
1156 2112 1279 2157 summa
1300 2111 1378 2154 cura

254 2202 284 2255 et
296 2195 473 2258 reverentia
487 2193 681 2259 custodirent
693 2204 847 2280 tanquam
861 2195 904 2260 ab
915 2192 1074 2281 Apostolis
1090 2195 1250 2280 proiectos
1264 2192 1377 2274 libros,

254 2317 333 2381 quos
350 2296 394 2359 ab
405 2296 564 2381 Apostolis
576 2318 641 2360 non
654 2298 750 2362 fuisse
763 2307 909 2362 exaratos
925 2298 1066 2383 perfecte
1082 2293 1248 2361 sciebant?

297 2398 350 2461 59.
383 2398 460 2479 Quis
483 2409 590 2464 autem
614 2398 761 2464 fraudem
786 2401 891 2464 moliri
922 2399 1102 2486 potuisset?
1124 2400 1175 2463 Au
1204 2420 1286 2464 unus
1300 2449 1309 2483 ,
1335 2421 1379 2463 an

254 2500 383 2584 plures?
399 2501 431 2564 Si
445 2499 610 2565 dumtaxat
621 2523 716 2586 unus,
729 2503 839 2588 quidni
852 2524 936 2567 uuus
951 2505 1008 2567 iste
1020 2523 1121 2568 unum
1137 2504 1232 2567 etiam
1253 2512 1379 2568 tanturn

254 2604 391 2668 confecit
426 2605 662 2689 Evangelium?
684 2628 741 2670 cur
774 2615 911 2693 quatuor
943 2607 1059 2692 scripta
1087 2626 1188 2692 eaque
1220 2603 1380 2669 diversa?

253 2705 423 2787 Quomodo
439 2716 546 2771 autem
568 2730 651 2772 unus
667 2709 764 2773 homo
787 2731 826 2773 ea
842 2709 961 2795 ubique
985 2707 1189 2774 obtruderit?
1212 2708 1288 2790 Quis
1310 2717 1378 2771 tam

252 2818 376 2893 potens,
401 2819 552 2897 tantoque
576 2812 702 2897 ingenio
727 2811 899 2897 preditus?
921 2812 954 2877 si
976 2806 1054 2877 vero
1073 2812 1180 2897 plures
1203 2810 1378 2875 machinati

253 2920 325 2975 sunt
340 2913 601 2998 suppositionem,
618 2916 703 2979 banc
723 2913 783 2979 vel
795 2912 926 2980 seorsim
950 2916 1001 2978 vel
1025 2936 1063 2978 ex
1085 2911 1232 2979 condicto
1254 2913 1380 2998 egerint

253 3036 379 3079 necesse
398 3023 454 3081 est.
473 3015 504 3080 si
521 3016 664 3100 seorsim,
682 3015 845 3104 quomodo
864 3026 1001 3102 quatuor
1016 3018 1189 3101 Evangelia
1211 3025 1276 3080 tam
1294 3016 1378 3079 mire

253 3116 456 3180 consonant?
482 3116 651 3198 Quomodo
678 3120 821 3182 unanimi
844 3139 998 3191 consensu
1017 3118 1138 3205 ubique
1161 3126 1298 3203 quatuor
1319 3138 1378 3181 re-

252 3227 344 3303 cepta
357 3218 377 3282 ῬΛ
390 3219 559 3300 Quomodo
580 3230 717 3305 quatuor
739 3221 860 3307 ubique
876 3222 1040 3306 aqualiter
1057 3221 1216 3307 Apostolis
1232 3219 1380 3284 tributa?

252 3320 284 3382 Si
308 3343 347 3385 ex
369 3321 539 3406 condicto,
576 3323 738 3388 undenam
768 3327 850 3389 inter
873 3325 1043 3409 Evangelia
1067 3326 1132 3388 istae
1156 3323 1378 3410 discrepantiae

252 3434 506 3510 apparentesque
526 3424 819 3490 contradictiones?
835 3426 947 3490 Nonne
965 3426 1085 3490 falsarii
1103 3446 1157 3489 eas
1174 3447 1192 3489 e
1208 3425 1271 3489 suis
1286 3424 1378 3489 libris

252 3524 443 3590 auferendas
456 3527 678 3592 curavissent?
691 3529 907 3615 Quaecumque
924 3529 1019 3615 igitur
1031 3527 1169 3613 fingatur
1180 3528 1374 3614 hypothesis,
1488 3614 1493 3622 ’

252 3627 375 3692 admitti
393 3630 503 3715 nequit
520 3630 692 3715 Evangelia
709 3653 776 3696 esse
794 3631 1002 3718 supposititia.

295 3731 349 3795 60.
376 3730 438 3795 Sed
462 3732 618 3817 replicant
641 3732 813 3798 adversarii
838 3735 948 3819 primis
971 3734 1118 3798 Ecclesia
1142 3735 1263 3798 suculis
1285 3733 1376 3798 chri-

252 3835 369 3898 stianos
388 3855 498 3898 omnes
528 3834 622 3899 fuisse
641 3857 680 3898 ex
699 3836 809 3900 infima
836 3836 943 3921 plebe,
969 3835 1076 3918 rudes,
1100 3837 1275 3919 illiteratos,
1300 3838 1376 3900 artis

252 3939 366 4002 criticae
392 3939 531 4023 ignaros,
550 3937 697 4004 credulos
715 3942 848 4005 nimium
867 3941 1064 4026 nimiumque
1087 3939 1130 4004 ad
1152 3941 1221 4024 pias
1245 3938 1376 4004 fraudes

251 4058 437 4124 propensos,
456 4039 601 4127 adeoque
614 4040 708 4105 facile
722 4042 817 4106 luisse
833 4051 868 4105 ut
884 4043 928 4105 eis
940 4041 1110 4126 Evangelia
1127 4040 1208 4106 falsa
1219 4062 1278 4126 pro
1290 4042 1375 4131 reris

253 4139 511 4208 obtrudereutur.

296 4245 349 4308 61.
370 4244 531 4326 Quantum
548 4256 666 4331 errent,
685 4249 736 4313 vir
751 4247 924 4314 dicendum
940 4255 997 4312 est.
1016 4247 1168 4328 Quamvis
1184 4249 1269 4313 enim
1283 4247 1373 4312 initio

253 4368 317 4411 non
332 4347 451 4412 fuerint
469 4351 549 4414 inter
564 4351 750 4417 christianos
765 4355 856 4419 multi
874 4353 997 4436 divites,
1016 4351 1262 4436 multi-nobiles,
1280 4351 1371 4417 multi
