3134 4934
300 345 376 405 rans
389 346 424 390 11.
439 342 533 388 carus
546 343 577 386 t.
594 343 632 384 nn
643 340 876 394 ousruonnseru
888 346 913 388 s.
931 347 1019 388 raum
1032 340 1190 388 urrsrous.
1256 320 1317 386 561

181 434 317 533 'scripsit
329 446 372 512 ad
383 446 617 528 Philemonem,
634 442 677 508 ad
690 432 909 530 Philippenses
922 455 953 510 et
964 447 1164 511 Colossenses
1176 443 1237 529 (l).
1254 443 1320 506 Illae

190 573 288 637 porro
300 551 449 637 Epistola
467 548 508 613 ad
524 548 622 611 finem
638 549 828 633 captivitatis
840 549 931 612 Pauli
949 549 1072 634 scriptae
1088 548 1318 612 existimantur.

188 653 222 718 Si
234 655 331 739 igitur
342 653 461 717 Paulus
473 652 632 736 scripserit
645 651 729 715 hanc
739 650 914 716 secundam
926 650 969 716 ad
981 652 1183 716 Timotheum
1196 650 1321 735 Episto-

188 759 267 841 lam,
286 754 424 820 durante
438 755 543 840 prima
559 755 752 840 captivitate,
775 776 847 820 eam
869 756 1029 840 scripsisse
1048 753 1267 821 dicendusest
1289 753 1322 816 in

191 860 280 924 initio
292 881 357 923 sua
369 859 571 944 captivitatis.
586 855 650 921 Sed
667 859 739 922 hoc‘
749 878 814 923 uon
832 857 959 923 videtur
975 857 1100 922 admitti
1116 878 1220 942 posse.
1240 857 1322 920 Nam

193 960 325 1048 quando
341 962 512 1046 Apostolus
528 961 663 1045 scripsit,
679 960 750 1047 jam
766 963 933 1025 transierat
952 963 1056 1046 prima
1075 960 1144 1046 ejus
1164 958 1320 1041 defensio,

190 1065 261 1152 jam
275 1065 372 1129 finem
389 1073 543 1150 tanquam
560 1064 651 1128 brevi
675 1064 819 1128 futurum
844 1063 1048 1148 exspectabat
1062 1062 1122 1149 (P).
1144 1063 1323 1126 Praesertim

194 1177 302 1232 autern
318 1187 390 1252 quse
405 1165 475 1250 (IV,
490 1165 544 1249 15,
560 1165 615 1250 20)
629 1163 670 1228 de
690 1166 808 1249 penula
822 1163 946 1229 Troade
958 1166 1081 1246 relicta,
1096 1184 1193 1250 quam
1208 1163 1325 1228 afferre

189 1269 295 1354 jubet,
312 1276 343 1332 et
358 1266 601 1354 de'Trophimo,
618 1289 715 1354 quem
733 1271 908 1354 reliquerat
923 1269 1021 1333 Mileti
1037 1266 1213 1350 infirmum,
1236 1266 1324 1331 aliud

192 1375 329 1460 inuuunt
345 1371 405 1436 iter
418 1372 462 1436 ah
473 1372 626 1457 Apostolo
643 1381 825 1456 susceptum
841 1392 939 1456 quam
954 1370 1035 1435 illud
1047 1370 1135 1457 qnod
1155 1371 1231 1435 fecit
1250 1382 1325 1456 ante

193 1494 250 1538 sua
263 1467 371 1557 priora
384 1473 513 1538 vincula
530 1471 682 1559 quodque
696 1475 729 1536 in
741 1471 873 1537 Actibus
890 1473 1116 1557 Apostolorum
1129 1471 1322 1557 depingitur.

195 1574 439 1641 Admittendum
462 1577 580 1661 igitur,
606 1575 817 1661 Apostolum,
848 1575 1009 1665 prioribus
1034 1576 1167 1639 vinculis
1191 1566 1323 1659 solutis,

197 1678 329 1765 aliquod
346 1681 407 1743 iter
418 1681 450 1743 in
467 1681 537 1744 illas
552 1681 699 1766 regiones
712 1681 898 1764 suscepisse,
917 1682 1029 1765 inquo
1046 1680 1157 1743 itinere
1174 1681 1326 1764 penulam

199 1782 364 1867 reliquerit
377 1781 501 1847 Troade
518 1793 550 1847 et
560 1784 771 1867 Trophimum
787 1784 883 1848 Mileti
901 1781 1065 1847 infirmum
1080 1807 1088 1847 ε
1102 1806 1199 1869 porro
1216 1785 1327 1849 Romae

199 1905 309 1948 rursus
323 1887 476 1971 captivus,
494 1887 612 1951 Paulus
630 1885 672 1951 ad
686 1887 886 1950 Timotheum
906 1888 1066 1970 scripserit
1080 1885 1121 1950 de
1137 1888 1201 1950 istis
1217 1887 1326 1951 rebus.

201 1988 337 2056 Videtur
360 1993 456 2076 igitur
477 1989 712 2055 admittendum
733 1992 907 2075 Epistulam
926 1989 967 2053 ad
988 1991 1188 2054 Timotheum
1210 2013 1328 2055 sccun-

201 2089 278 2165 dam
291 2093 322 2155 in
335 2091 476 2157 secunda
489 2093 631 2178 Apostoli
646 2092 826 2176 captivitate
839 2091 934 2154 luisse
948 2092 1158 2176 conscriptam
1174 2101 1204 2153 et
1216 2091 1328 2155 ultimo

200 2195 272 2258 loco
285 2197 394 2259 venire
406 2196 490 2260 inter
499 2197 655 2281 Epistolas
667 2195 829 2259 Paulinae.
843 2194 1097 2280 subscriptiones
1109 2194 1257 2259 codicum
1274 2196 1330 2258 KL

200 2297 402 2385 aliorumque
415 2301 649 2384 permultorum
664 2318 840 2383 gracorum
854 2307 885 2361 et
901 2299 1072 2361 latinorum
1088 2320 1162 2363 eum
1179 2298 1327 2381 Eusebio,

200 2397 435 2484 Chrysostomo,
461 2401 656 2487 Hieronymo
680 2409 710 2464 et
733 2396 945 2483 Theodoreto,
966 2399 1081 2464 diserte
1102 2401 1185 2465 hanc
1201 2411 1329 2464 senten·
1409 2462 1411 2469 ,

201 2500 279 2563 tiam
294 2499 424 2565 firmant
439 2502 498 2588 (ὅ)
530 2525 534 2549 ³
651 2490 655 2495 ’
1179 2554 1184 2561 ,
1282 2536 1285 2540 v
1424 2525 1519 2645 (css
1542 2549 1543 2552 ,

247 2608 278 2670 7.
299 2606 534 2691 deponentem.
545 2572 666 2708 ffergit
681 2607 864 2692 Apostolus,
882 2606 969 2692 quod
993 2606 1025 2670 in
1044 2605 1235 2692 precedenti
1252 2607 1332 2692 Epi·
1536 2584 1564 2673 3

202 2711 283 2773 stola
300 2709 371 2794 jam
397 2709 528 2792 fecerat,
553 2710 710 2773 instruere
739 2710 941 2775 Timotheum
964 2709 1005 2772 de
1029 2706 1139 2773 officiis
1168 2710 1251 2773 illius
1276 2711 1331 2796 qui
1346 2678 1425 2797 Ἣ

203 2833 314 2876 curam
339 2812 419 2896 gerit
443 2813 635 2875 animarum.
666 2813 703 2883 Et
732 2814 836 2897 primo
860 2811 991 2898 quidem
1015 2813 1161 2877 hortatur
1184 2813 1274 2875 illum
1298 2806 1364 2919 atq

201 2913 288 2978 adse
301 2914 418 2994 veniat,
437 2914 548 3003 illique
560 2914 703 2978 animum
716 2913 806 2979 addit
817 2924 852 2977 ut
864 2915 1018 2978 constanti
1034 2915 1142 2977 animo
1156 2904 1346 3019 collabor&

177 2995 375 3116 &agelio
396 3019 464 3081 sine
488 3019 615 3101 timore,
638 3027 674 3081 ut
697 3017 800 3082 honus
823 3018 914 3080 miles
932 3017 1071 3099 Christi5
1097 3015 1214 3080 deinde
1238 3014 1333 3080 docet

204 3120 368 3186 uitandam
393 3122 642 3204 contentionem,
663 3119 817 3206 fugienda
832 3120 987 3206 juvenilia
1011 3118 1181 3202 desideria,
1205 3128 1333 3184 sectan-

3 3206 22 3229 ”
88 3230 94 3233 '
204 3223 281 3289 dam
293 3247 369 3290 vcro
385 3224 483 3300 fidem
498 3234 529 3288 et
545 3195 865 3343 charitatenfiffimul
878 3233 984 3288 autem
996 3224 1156 3288 invehitur
1169 3225 1200 3287 in
1213 3224 1333 3308 Hyme·
1440 3217 1549 3338 (1]Γῦ

3 3340 4 3347 ’
205 3349 302 3392 neum
321 3338 350 3392 ct
373 3329 534 3392 Philetum
555 3331 610 3415 qui
625 3338 890 3393 resurrectionem
907 3327 979 3413 jam
1002 3328 1121 3392 factam
1142 3349 1209 3391 esse
1232 3326 1334 3391 doce·
1481 3350 1499 3400 ι·

205 3432 284 3496 hant
296 3432 397 3518 (1-11).
413 3414 535 3495 Deinde
558 3431 702 3516 praedicit
719 3433 844 3495 futuros
864 3452 930 3495 esso
954 3432 1050 3496 falsos
1074 3429 1220 3495 doctores
1241 3431 1335 3495 variis

205 3534 364 3599 involutos
376 3536 525 3618 peccatis,
543 3544 574 3599 et
591 3535 705 3599 excitat
723 3536 924 3598 Timotheum
940 3544 975 3598 ut
987 3545 1134 3600 constans
1148 3543 1337 3620 permaneat

240 3801 275 3863 (l)
290 3801 337 3852 Cot
359 3800 377 3862 l,
396 3802 419 3864 l3
438 3800 532 3864 l‘lt'lip.
545 3800 565 3861 l,
582 3802 605 3865 l3
623 3801 728 3851 Pliten.
742 3799 761 3849 l.

240 3882 275 3946 (t)
286 3883 314 3955 ll
327 3883 392 3934 Tim.
406 3883 447 3944 lv,
461 3883 484 3934 6.

240 3965 274 4030 ιδ)
288 3965 331 4016 Sic
350 3979 424 4028 porro
445 3979 472 4016 se
488 3967 581 4018 haunt
596 3966 793 4030 subscriptiones
808 3968 881 4019 codd.
906 3967 947 4017 KL
967 3966 1107 4018 :Secunda
1126 3967 1162 4016 od
1185 3965 1337 4017 Timotheum
1351 3998 1366 4006 -

207 4047 318 4098 ccclesiae
340 4048 513 4112 Ephesiorum
530 4055 707 4100 consecratum
723 4050 882 4114 episcopum,
899 4049 999 4112 scripta
1016 4049 1101 4099 ltomoe
1117 4049 1220 4112 quando
1240 4047 1338 4097 Paulus

206 4131 319 4181 seeundo
339 4131 394 4180 eice
417 4133 565 4195 comperuit
583 4145 672 4182 coram
691 4132 795 4184 Caesare
820 4132 931 4186 Nerone.
958 4131 994 4182 lta
1016 4132 1093 4181 etiam
1115 4131 1193 4182 codex
1210 4132 1227 4182 S
1245 4129 1339 4201 etalii

208 4213 325 4277 permulti
342 4213 417 4276 graeci
432 4219 459 4262 et
473 4213 562 4272 latini;
586 4215 621 4265 ita
643 4215 721 4266 etiam
744 4215 827 4265 versio
845 4215 941 4278 syriaca
958 4214 1089 4278 posterior.
1107 4213 1142 4264 lta
1158 4214 1269 4278 deniqne
1288 4214 1339 4264 tlu-

168 4333 169 4336 ,
208 4296 303 4357 sebius,
325 4295 392 4345 [list.
415 4294 486 4346 Ecel.
508 4293 539 4355 ll,
562 4294 604 4356 aa,
623 4296 817 4359 theodoretus,
839 4298 938 4348 Conna.
965 4299 999 4347 od
1014 4297 1039 4346 tr.
1059 4297 1087 4358 t,
1105 4296 1297 4360 chrysostomus
1313 4302 1339 4346 et

209 4377 427 4441 hieronymoque
442 4376 496 4428 Vt'r.
515 4375 595 4431 illust.
607 4379 632 4429 5.
