3132 4964
258 306 299 371 92
485 320 684 374 luraouucrlo
700 332 847 374 sanemus
862 332 895 373 IN
910 332 935 375 S.
957 327 1158 374 semmurum.

258 426 624 510 profanos,Herodotem
638 430 870 512 acCtesiam,et
882 430 924 493 ab
937 430 1073 495 invicem
1086 429 1166 492 miro
1176 426 1342 492 dissentire
1355 437 1389 492 et

257 537 440 592 accuratam
456 550 521 593 non
535 532 702 616 reliquisse
719 533 919 617 Assyriorum
941 542 971 596 ct
990 531 1157 596 Medorum
1173 531 1338 595 historiam
1355 540 1389 594 et

256 653 370 717 graves
395 635 525 698 lacunas
548 636 581 699 in
605 658 717 700 eorum
742 639 924 701 narratione
948 637 1096 701 inveniri.
1117 634 1252 699 Nomina
1276 644 1389 698 autem
1446 671 1450 674 >

255 734 431 819 Arphaxad
444 746 476 800 et
492 737 801 822 Nabuchodonosor,
819 739 935 825 quibus
947 739 1045 804 utitur
1061 738 1237 822 Scriptura,
1251 738 1391 801 sortasse

258 860 322 901 non
340 841 470 903 nomina
494 844 624 927 propria
642 851 726 926 sunt,
749 842 805 907 sed
828 845 1020 928 cognomina
1044 843 1146 928 potius
1171 862 1227 904 seu
1246 841 1391 925 epitheta
1414 860 1426 903 ζ
1527 836 1533 846 ’

258 943 403 1027 pluribus
426 932 555 1029 regibus
578 947 773 1011 communia.
794 946 889 1028 Quod
913 957 1019 1011 autem
1040 947 1073 1010 in
1097 945 1290 1030 genealogiis
1311 942 1390 1006 libri

258 1045 526 1131 Paralipomenon
540 1057 572 1111 et
587 1049 717 1133 losephi
731 1049 894 1113 omittatur
906 1049 1074 1129 Eliachim,
1089 1049 1151 1112 hoc
1163 1047 1242 1110 nihil
1255 1044 1387 1131 probat,

259 1168 334 1211 nam
350 1150 412 1212 alia
428 1150 566 1234 plurima
582 1153 711 1214 nomina
730 1154 928 1215 omittuntur.
944 1153 1099 1215 Eliachim
1116 1148 1247 1235 quidem
1266 1147 1388 1213 adver-

258 1271 310 1313 sus
335 1251 544 1315 Holofernem
566 1252 693 1316 Judaeos
713 1252 839 1334 direxit,
858 1276 922 1317 non
944 1264 1052 1317 autem
1066 1275 1134 1336 rex,
1158 1253 1291 1316 lortasse
1309 1252 1407 1336 quia.
1490 1328 1495 1333 ,

257 1375 313 1416 rex
336 1356 479 1439 captivus
496 1364 576 1436 erat,
600 1355 687 1440 quod
712 1357 847 1420 Manassi
868 1358 1009 1420 evenisse
1030 1357 1146 1440 legitur
1163 1356 1195 1417 in
1220 1356 1254 1415 II
1269 1354 1385 1418 Parni.

258 1458 405 1539 XXXIII,
423 1460 476 1522 ll.
491 1459 576 1522 Nihil
594 1461 689 1544 igitur
705 1459 810 1523 obstat
825 1469 859 1523 ut
877 1460 1042 1523 historiam
1056 1458 1166 1524 Judith
1187 1467 1261 1521 ante
1279 1459 1388 1542 capti-

257 1561 387 1624 vitatem
403 1560 462 1624 sub
481 1553 623 1626 Manasse
640 1563 834 1626 collocemus
847 1572 877 1626 et
890 1563 1019 1626 nomine
1038 1560 1211 1647 Arphaxad
1225 1558 1386 1645 designari

151 1697 158 1704 ·
257 1664 459 1748 Phraortcm,
479 1664 645 1729 Medorum
664 1686 786 1751 regem,
806 1664 1128 1730 Nabuchodonosoris
1144 1686 1220 1728 voro
1239 1664 1386 1750 appella·

258 1769 341 1832 tione
359 1766 584 1853 Saosduschin,
603 1790 711 1853 regem
732 1769 947 1854 Assyriorum.

300 1872 331 1934 9.
349 1873 514 1935 Divinitas.
532 1871 685 1951 Quamvis
704 1873 849 1935 nonnulli
861 1873 982 1954 Patres,
1001 1870 1044 1934 ob
1058 1872 1195 1934 rationes
1212 1892 1291 1956 quas
1306 1869 1385 1934 alibi

255 1975 483 2060 explicavimus
496 1974 556 2060 (l),
572 1975 690 2038 librum
704 1972 813 2038 Judith
831 1995 848 2038 e
867 1995 990 2039 canone
1003 1973 1207 2054 excluserint,
1221 1972 1386 2037 nihilomi-

254 2099 314 2141 nus
335 2076 404 2163 ejus
428 2076 626 2141 divinitatem
646 2076 855 2141 admiserunt.
880 2077 913 2140 S.
935 2075 1083 2141 Clemens
1097 2074 1209 2139 Judith
1225 2074 1335 2140 laudat
1350 2085 1387 2140 ut

254 2190 410 2263 sanctam;
429 2181 642 2244 Tertullianus
662 2201 733 2243 eam
757 2180 956 2264 monogamis
980 2180 1012 2241 in
1028 2179 1211 2262 exemplum
1229 2176 1385 2262 adducit3

252 2285 399 2350 Clemens
419 2282 655 2347 Alexandrinus
672 2292 702 2346 ct
719 2283 874 2352 Eusebius
892 2282 1058 2347 historiam
1075 2281 1187 2346 Judith
1208 2282 1387 2347 admiscent

253 2389 364 2451 ceteris
377 2388 514 2450 historiis
527 2389 644 2467 sacris,
664 2387 816 2471 Origenes
833 2396 965 2451 testatur
978 2387 1153 2451 Ecclesiam
1167 2387 1224 2450 Dei
1240 2387 1385 2471 recipere

251 2490 370 2553 librum
386 2488 513 2570 Judith3
533 2489 565 2552 S.
584 2490 796 2574 Hieronymus
810 2490 919 2554 asserit
937 2488 1100 2575 Synodum
1120 2490 1280 2553 Nicanam
1295 2489 1385 2553 huuc

178 2665 179 2669 y
249 2593 370 2656 librum
384 2602 584 2676 computasse
599 2593 632 2655 in
646 2613 779 2656 numero
794 2602 977 2657 sanctarum
990 2593 1238 2677 Scripturarum3
1254 2592 1286 2655 S.
1301 2591 1385 2654 Am-

250 2696 387 2777 brosius,
408 2695 441 2758 S.
457 2696 609 2775 Hilarius,
627 2695 694 2773 alii,
714 2716 788 2759 eum
802 2704 837 2758 ut
853 2694 997 2760 divinum
1017 2696 1157 2779 allegant
1168 2697 1228 2781 (2).

295 2799 348 2861 10.
373 2796 445 2882 Obj.
467 2796 586 2861 Auctor
601 2797 675 2862 libri
690 2796 802 2864 Judith
819 2820 890 2861 eam
903 2808 1057 2884 tanquam
1078 2800 1243 2882 exemplar
1257 2799 1383 2861 virtutis
1418 2846 1428 2863 .

250 2890 440 2985 pietatisque
465 2897 652 2962 imitandam
669 2900 830 2984 proponit.
851 2901 890 2962 At
907 2908 1015 2963 saneta
1033 2908 1065 2962 et
1085 2909 1171 2963 casta
1189 2898 1252 2963 dici
1271 2900 1385 2984 nequit
1453 2910 1458 2915 '

250 3003 368 3066 mulier
392 3022 464 3088 quae
487 3003 620 3087 laqueos
644 3002 812 3066 Hololerni
835 3002 936 3065 tendit
959 3011 993 3066 ut
1010 3023 1086 3065 eum
1108 3003 1141 3064 in
1164 3003 1211 3065 sui
1235 3021 1383 3064 amorem
1437 3042 1441 3045 ·
1483 3005 1487 3011 ’

231 3106 395 3186 irretiat,
427 3124 498 3189 quae
523 3102 697 3167 mendaciis
721 3124 795 3167 eum
823 3103 964 3188 decipit,
1001 3105 1171 3187 ignavique
1201 3101 1384 3187 proditione

246 3206 387 3292 jugulat.
413 3205 535 3270 Auctor
559 3207 655 3291 igitur
676 3208 731 3292 qui
757 3208 854 3270 talem
878 3208 1047 3270 mulierem
1071 3204 1182 3269 laudat
1212 3206 1386 3290 inspiratus

252 3307 316 3373 dici
334 3311 457 3393 nequit.
961 3328 966 3338 ·
1211 3386 1215 3391 .
1279 3326 1280 3330 ’

296 3412 350 3474 11.
373 3413 463 3496 Resp.
486 3411 607 3476 Auctor
626 3434 716 3476 sacer
739 3410 849 3475 laudat
869 3413 955 3496 piam
975 3421 1159 3496 castamque
1175 3409 1313 3474 ludithae
1330 3411 1386 3473 vi·
1412 3439 1431 3476 f

252 3523 331 3595 tam,
347 3510 456 3575 laudat
467 3508 660 3597 generosum
670 3513 738 3599 ejus
752 3514 918 3577 consilium
932 3514 1070 3597 patriam
1083 3510 1254 3595 liberandi,
1264 3532 1387 3596 nequa·
1504 3500 1507 3501 ⁷

253 3637 351 3703 quam
382 3625 491 3680 autom
520 3619 631 3681 asserit
666 3639 737 3682 eam
766 3617 808 3681 ab
840 3618 928 3681 omni
955 3618 1047 3702 lapsu
1071 3617 1166 3680 fuisse
1189 3617 1382 3682 immunem.

253 3720 387 3784 Ornavit
408 3741 441 3783 se
464 3719 587 3803 Judith,
605 3730 635 3784 et
658 3720 869 3784 Holoferncm
893 3718 1139 3804 pulchritudinis
1159 3720 1277 3805 laqueo
1298 3719 1385 3781 irre-

252 3821 397 3889 tiendum
421 3820 578 3907 praevidit.
604 3823 796 3887 Holoferncs
808 3871 816 3905 ,
844 3832 1014 3906 conspecta
1038 3822 1121 3885 illius
1144 3818 1385 3906 pulchritudine

273 4028 321 4091 v(l)
331 4028 475 4079 Introduct.
488 4043 545 4094 pen.
558 4042 612 4091 cap.
623 4027 665 4089 lll,
676 4035 723 4078 art.
738 4026 762 4078 2

285 4109 320 4173 (2)
334 4110 390 4160 Vid.
407 4111 433 4162 S.
451 4111 578 4171 Clemens,
595 4111 608 4161 l
618 4110 703 4172 Epist.
721 4111 756 4160 ad
773 4110 833 4161 Cor.
852 4108 900 4172 553
922 4109 1103 4168 Tertullianus,
1119 4108 1155 4158 De
1169 4121 1316 4173 monogam.
1334 4109 1384 4168 17;

253 4193 370 4243 Clemens
381 4191 432 4253 ll,
445 4193 545 4243 Patrol.
559 4206 600 4258 pr.
612 4191 676 4253 Vlll,
692 4190 769 4255 152&
780 4191 915 4251 Eusebius,
925 4191 1026 4242 Potrot.
1042 4204 1082 4256 pr.
1099 4189 1163 4246 xlx.
1175 4189 1238 4248 rs&
1252 4189 1385 4253 Origenes,

253 4275 340 4340 Epist.
358 4276 393 4325 ad
408 4274 557 4352 Afriojlty
571 4276 598 4325 S.
614 4274 790 4337 hieronymus,
806 4273 887 4339 Pras.
901 4273 930 4324 in
942 4272 1047 4335 Iudith·
1062 4274 1088 4325 S.
1107 4271 1266 4334 Ambrosius,
1281 4272 1317 4323 lle
1338 4271 1386 4324 Vi-

256 4358 325 4419 auis,
341 4359 369 4417 ῖς
382 4359 407 4409 S.
421 4358 541 4419 Hilarius,
556 4356 587 4408 In
596 4356 669 4408 Psal.
685 4356 782 4420 cxxv3
796 4362 845 4413 etc.

1527 4718 1548 4799 l
