3168 4948
274 299 338 363 550
501 317 701 361 rnrnouuerro
718 317 865 360 srseraurs
881 318 914 359 rr
928 319 954 361 s.
976 320 1178 365 scnrrrunsu.

273 417 313 482 dc
337 420 404 503 ipso
421 415 623 482 solummodo
647 414 815 481 audierant
834 419 875 502 (Ι,
895 418 947 501 15,
967 420 1089 511 ΠΨ).
1114 422 1186 485 Jam
1212 443 1287 488 vcro
1313 445 1405 489 com-

271 522 409 585 munitas
432 521 603 606 Ephesiae,
625 521 742 605 partim
758 542 797 583 ex
813 521 960 605 gentibus
983 525 1101 607 partim
1125 546 1163 588 ex
1186 525 1304 592 Judaeis
1321 550 1403 593 con-

272 618 657 709 stabat(l),et'Apostolus
669 644 742 686 eum
756 624 792 685 iis
803 623 977 687 familiares
991 625 1160 691 relationes
1171 628 1353 716 habuerat(
1378 629 1402 713 ).

270 727 429 790 Praeterea
451 727 476 789 si
495 726 619 792 ,Paulus
644 723 684 788 ad
708 725 861 809 Ephesios
884 727 1076 811 scripsisset,
1106 728 1233 794 videtur
1259 730 1345 818 quod
1370 734 1404 796 in

271 830 461 893 salutatione
474 849 538 892 non
552 827 707 909 omisisset
721 849 838 891 nomen
855 829 1024 912 Timothei,
1045 830 1186 915 Ephesiis
1204 833 1404 919 conjunctis·

271 931 353 1013 simi,
371 932 427 1016 qui
444 929 486 995 ad
512 931 616 1016 ipsum
636 939 712 993 tunc
736 932 847 1011 Romae
862 929 986 1013 aderat,
1014 934 1094 996 sicut
1109 934 1190 998 illud
1211 957 1273 999 non
1299 939 1404 1002 omisit

270 1030 411 1095 scribens
425 1031 467 1095 ad
484 1032 694 1096 Colossenses.
711 1032 757 1094 Ex
779 1032 829 1095 his
854 1035 997 1119 sequitur
1020 1035 1196 1119 Epistolam
1219 1060 1283 1101 non
1306 1021 1403 1103 luisse

270 1134 413 1218 Ephesiis
430 1132 633 1199 destinatam.
1339 1194 1342 1201 .

313 1240 344 1302 7.
372 1240 463 1325 Resp.
489 1239 620 1303 Etiamsi
645 1241 764 1303 eae'De
791 1240 903 1304 Wettii
932 1239 1124 1326 conjecturae
1154 1243 1402 1311 fundamentum

268 1341 437 1425 haberent,
453 1364 518 1406 non
530 1344 675 1406 valerent
689 1351 797 1407 tamon
813 1343 877 1406 vim
895 1343 1069 1428 infringere
1086 1348 1245 1410 unanimis
1257 1358 1403 1412 veterum

268 1445 456 1528 traditionis,
472 1468 535 1530 qua
553 1454 697 1509 asserunt
709 1444 883 1529 Epistolam
901 1445 997 1509 luisse
1012 1444 1054 1509 ad
1066 1448 1219 1531 Ephesios
1230 1446 1399 1514 directam.

268 1547 332 1611 Sed
349 1546 540 1633 conjecturae
557 1547 661 1627 allatae
678 1548 803 1611 nonnisi
828 1548 861 1611 in
885 1546 967 1611 falsa
990 1549 1164 1613 verborum
1184 1549 1327 1636 Apostoli
1350 1553 1401 1615 in-

268 1654 496 1738 terpretatione
512 1662 722 1737 reponuntur.
737 1651 896 1737 Equidem
912 1653 958 1716 De
971 1654 1093 1717 Wettio
1117 1655 1308 1718 assentimur
1320 1656 1401 1739 Epi-

267 1758 394 1840 stolam‚
415 1778 478 1821 non
494 1753 536 1820 ad
551 1754 678 1821 ludaeos
694 1758 869 1841 praesertim
886 1755 942 1820 sed
959 1759 1061 1842 magis
1078 1756 1118 1820 ad
1142 1759 1287 1842 gentilos,
1303 1759 1400 1823 luisse

267 1858 434 1943 directam,
456 1858 511 1923 sed
536 1859 619 1924 benc
643 1859 711 1923 fieri
736 1861 838 1944 potuit
861 1868 896 1922 ut
915 1859 1086 1944 Apostolus
1105 1857 1145 1923 ad
1163 1862 1296 1945 gentiles
1311 1860 1400 1924 istius

267 1964 408 2027 ecclesia
420 1963 580 2048 praecipue
593 1963 758 2044 scriberet,
768 1963 915 2046 quamvis
927 1963 959 2024 in
974 1963 1029 2026 illa
1041 1963 1174 2026 ecclesia
1186 1972 1290 2027 essent
1302 1964 1398 2026 etiam

266 2065 379 2129 ludaei.
406 2066 513 2130 Potuit
527 2065 698 2151 Apostolus
715 2065 856 2150 aliquam
876 2065 1072 2157 peculiarem
1097 2065 1217 2129 habere
1241 2067 1399 2135 rationem

266 2178 301 2232 ut
316 2170 449 2253 gentiles
471 2169 694 2234 exhortaretur
709 2189 828 2253 eosque
844 2170 1025 2232 instrueret.
1049 2167 1143 2249 Quod
1161 2178 1268 2233 autem
1287 2168 1400 2233 asserit

266 2272 312 2334 Do
328 2272 436 2336 Wette
453 2293 558 2358 neque
579 2272 717 2335 Paulum
736 2271 832 2334 luisse
846 2271 1009 2355 cognitum
1026 2271 1075 2353 iis,
1093 2293 1198 2356 neque
1215 2292 1269 2335 eos
1283 2273 1397 2355 Paulo,

264 2375 326 2438 hoc
360 2375 474 2439 nullibi
507 2376 540 2438 in
561 2374 702 2460 Epistola
736 2373 863 2438 dicitur.
890 2374 972 2438 Nam
997 2395 1068 2459 quae
1089 2376 1116 2457 1,
1143 2375 1185 2437 15
1207 2373 1359 2439 dicuntur
1385 2400 1394 2440 z

168 2501 171 2506 ·
260 2488 423 2560 propterea
445 2499 497 2562 epo
520 2478 646 2541 audiens
668 2477 760 2561 fidem
783 2488 911 2540 vestram
945 2498 1008 2540 nou
1044 2476 1222 2561 significant
1259 2476 1397 2542 Paulum

263 2578 466 2643 solummodo
489 2578 530 2642 de
553 2579 590 2643 iis
612 2575 772 2642 audivisse
796 2587 827 2642 et
851 2577 996 2642 nondum
1020 2600 1074 2642 eos
1097 2576 1233 2661 vidisse,
1260 2576 1336 2662 sed,
1361 2590 1399 2644 ut

262 2681 490 2763 interpretatur
502 2681 616 2763 Estius,
636 2680 722 2743 hunc
733 2679 855 2744 habent
868 2700 996 2743 sensum
1012 2700 1020 2741 t
1036 2700 1109 2743 cum
1124 2677 1283 2743 audissem
1296 2679 1396 2745 fidem

262 2792 413 2866 vestram,
430 2805 506 2869 qua,
522 2805 573 2848 me
586 2782 792 2868 praedicante,
807 2785 839 2847 in
856 2783 1021 2848 Christum
1033 2780 1221 2854 credidistis,
1238 2784 1397 2868 integram

263 2908 341 2968 esse,
367 2909 427 2978 nec
451 2896 637 2972 corruptam
661 2887 840 2972 perfalsus
864 2886 1044 2970 magistros,
1072 2907 1131 2950 nec
1155 2885 1315 2950 turbatam
1337 2908 1398 2971 per

260 2992 389 3056 vincula
412 3013 483 3055 mea
490 3039 554 3055 .....
581 3012 646 3055 non
670 3012 758 3054 cesso
782 2990 899 3075 gratias
919 3009 1026 3073 agere,
1049 2998 1109 3053 etc.
1135 3015 1150 3050 »
1173 2987 1268 3070 Quod
1287 2997 1397 3053 autem

261 3092 434 3178 Apostolus
448 3094 520 3180 (Ill,
538 3092 572 3179 2)
584 3092 662 3157 dicit
678 3116 686 3155 t
701 3093 740 3156 St
757 3104 857 3155 tuanen
877 3091 1004 3155 audistis
1021 3092 1274 3176 dispensationem
1287 3095 1399 3176 pretim

261 3197 322 3258 Dei
340 3217 408 3279 que
424 3197 497 3259 dato
519 3207 562 3259 est
582 3182 710 3259 milri‘ia
727 3195 818 3266 uobis,
837 3193 937 3258 verba
957 3216 1023 3257 non
1040 3203 1113 3259 suut
1133 3192 1319 3276 dubitantis,
1338 3193 1396 3258 sed

261 3296 461 3361 affirmantis.
484 3298 602 3373 Sensus
618 3297 763 3381 Apostoli
783 3305 830 3360 est
851 3318 859 3358 t
880 3294 1151 3382 Quandoquidem
1174 3293 1318 3378 audistis,
1337 3316 1397 3361 vos

260 3400 411 3484 Ephesii,
438 3399 713 3486 quemadmodum
738 3399 973 3486 dispensatione
996 3422 1035 3466 ae
1060 3399 1261 3487 providentia
1284 3399 1396 3466 divina
1471 3443 1475 3448 Α

260 3492 481 3563 concreditum
498 3501 577 3565 mihi
594 3502 653 3566 luit
665 3502 876 3586 apostolicum
896 3523 1013 3566 munus
1024 3503 1189 3587 Evangelii
1205 3502 1296 3567 vobis
1311 3523 1396 3587 gen-

260 3602 345 3667 tibus
362 3601 557 3688 praedicandi
573 3604 633 3690 (ὅ).
653 3604 747 3685 Quod
766 3615 874 3669 autem
886 3606 1042 3669 Timothei
1060 3626 1179 3669 nomen
1196 3626 1259 3668 non
1275 3626 1415 3681 occur--

260 3714 310 3769 rat
326 3706 359 3769 in
373 3707 435 3771 hac
452 3706 605 3792 Epistola,
629 3708 709 3771 siout
733 3709 872 3771 occurrit
895 3709 937 3789 in,
951 3709 1089 3793 Epistola
1113 3706 1157 3770 ad
1180 3708 1393 3791 colossenses,

260 3810 323 3872 hoc
343 3811 438 3874 variis
458 3807 500 3873 de
521 3812 635 3893 causis,
658 3811 710 3874 vel
731 3812 807 3896 quia
831 3810 946 3875 absens
966 3821 1035 3876 erat
1058 3810 1253 3894 Timotheus,
1276 3812 1328 3875 vel
1350 3811 1396 3875 ob

260 3910 348 3975 aliud
367 3912 634 3998 impedimentum
655 3913 747 3978 nobis
767 3914 966 4000 incognitum
988 3914 1056 3979 fieri
1076 3915 1190 4000 potuit.
1213 3915 1259 3977 De
1281 3914 1394 3979 Wettii

293 4175 476 4245 (trucarius,
491 4180 516 4239 s,
529 4178 569 4238 ro,
582 4179 622 4230 rr.

295 4257 332 4322 (a)
349 4260 469 4322 actii,
486 4262 528 4312 rr.

200 4358 203 4365 ’
294 4340 330 4405 (ἲ)
345 4340 402 4393 vid.
415 4342 513 4392 Esttum
529 4344 560 4394 ad
574 4343 598 4394 h.
614 4344 632 4394 1.
