3166 4958
305 309 368 372 262
533 327 732 372 ramouuono
751 328 897 373 serenus
914 329 946 372 m
964 328 989 373 s.
1008 327 1206 375 scutorum.

307 432 339 494 in
361 431 410 494 via
437 428 479 494 ad
494 429 665 516 discipulos
685 451 757 494 suos
780 452 851 517 que
875 432 998 496 locutus
1020 441 1076 516 est,
1103 441 1134 496 et
1157 429 1436 518 quemadmodum

308 542 525 616 cognoverunt
541 553 615 596 eum
630 534 663 616 in
679 533 833 597 fractione
849 535 950 618 panis.
981 560 996 595 n
1173 616 1176 619 Ι

350 634 403 696 55.
418 634 480 697 Per
492 635 652 720 reliquam
664 633 738 698 libri
750 645 874 719 partem
887 637 1039 720 perplura
1055 634 1187 703 adducit
1202 639 1377 721 presertim
1395 660 1436 703 ex

308 738 415 801 Marco
437 746 468 800 et
484 736 607 802 Joanne
634 739 812 803 testimonia
830 749 926 823 prout
948 738 1044 803 hodic
1067 739 1100 804 in
1124 741 1237 807 uostris
1252 741 1438 828 Evangeliis

308 840 468 925 leguntur.
488 841 546 904 Tot
562 839 701 927 denique
720 850 751 904 et
767 850 853 905 tanta
868 863 907 905 ox
918 843 1099 927 Evangeliis
1114 844 1226 907 recitat
1241 844 1380 909 Irenaeus
1401 854 1440 908 ut

309 965 348 1006 ex
366 943 434 1027 ipso
459 942 609 1027 colligere
627 964 791 1028 possemus
809 942 877 1007 lere
892 943 1074 1009 universam
1095 946 1312 1009 narrationem
1329 966 1438 1010 evau-

310 1046 456 1130 gelicam.

352 1148 406 1211 st.
428 1146 644 1213 Tertullianus.
663 1145 745 1211 Dum
761 1147 1006 1233 Evangeliorum
1023 1149 1188 1215 veritatem
1211 1149 1254 1213 ita
1272 1148 1440 1240 asserebat

310 1252 342 1314 in
365 1250 467 1315 Gallia
490 1251 641 1334 Irenaeus,
665 1252 876 1315 Tertullianus
901 1253 934 1315 in
957 1252 1067 1316 Africa
1091 1261 1201 1316 contre
1225 1253 1436 1334 Marcionem,

310 1353 365 1436 qui
379 1353 482 1416 solum
496 1352 587 1414 tuce
604 1352 811 1437 Euangelium
829 1351 927 1439 idque
944 1350 1146 1419 decurtatum
1162 1363 1192 1417 et
1207 1354 1439 1438 interpolatum

311 1455 510 1537 admittebat,
519 1456 738 1519 auctoritatem
747 1456 992 1540 Evangeliorum
1002 1457 1052 1521 his
1065 1456 1169 1521 verbis
1178 1454 1364 1523 adstruebat
1373 1457 1405 1542 (l
1415 1466 1438 1527 t:

315 1583 328 1617 a
343 1558 566 1624 Censtituimus
581 1558 748 1643 imprimis,
763 1559 991 1644 Evangelicum
1004 1560 1253 1624 lustramentum
1265 1559 1440 1645 Apostolos

312 1672 457 1726 auctores
470 1660 605 1742 babere,
625 1660 740 1747 quibus
757 1662 820 1725 hoc
832 1682 948 1726 munus
965 1663 1129 1747 Evangelii
1146 1660 1374 1747 promulgandi
1394 1662 1440 1726 ab

312 1766 380 1849 ipso
393 1764 528 1828 Domino
547 1765 585 1826 sit
603 1764 798 1849 impositum;
816 1764 841 1827 si
858 1772 890 1827 et
904 1764 1105 1849 apostolicos,
1125 1785 1189 1828 non
1209 1773 1315 1827 tamen
1336 1764 1437 1844 solos,

312 1866 367 1932 sed
381 1889 453 1932 cum
467 1867 637 1952 Apostolis,
652 1876 765 1951 etpost
777 1865 956 1951 Apostolos.
971 1866 1130 1947 Quoniam
1143 1865 1325 1952 predicatio
1338 1864 1438 1929 disci-

312 1973 460 2056 pulorum
478 1979 622 2055 suspecta
641 1968 710 2032 fieri
730 1977 836 2055 posset
851 1967 892 2033 de
911 1970 1020 2054 gloriae
1040 1968 1157 2050 studio,
1175 1969 1200 2033 si
1221 1989 1284 2032 non
1304 1967 1440 2032 adsistat

311 2076 357 2139 illi
369 2075 539 2139 auctoritas
551 2073 788 2158 magistrorum,
803 2073 867 2138 imo
880 2072 1004 2154 Christi,
1019 2074 1074 2158 qui
1087 2073 1254 2156 magistros
1265 2072 1439 2156 Apostolos

310 2179 397 2243 iecit.
415 2178 570 2261 Denique,
592 2176 685 2240 nobis
703 2175 801 2239 fidem
823 2198 860 2240 ex
884 2175 1041 2260 Apostolis
1063 2175 1202 2240 ioannes
1219 2184 1250 2239 et
1269 2175 1438 2239 Mattheus
1547 2224 1548 2245 2

311 2283 481 2363 insinuant;
497 2302 536 2343 ex
552 2279 731 2364 apostolicis
748 2280 848 2343 Lucas
866 2288 896 2343 et
909 2280 1033 2343 Marcus
1046 2279 1275 2343 instaurant...
1291 2278 1437 2341 Marcion
1547 2308 1548 2319 κ

311 2385 493 2468 Evangelio,
516 2383 635 2446 scilicet
656 2404 725 2464 suo,
747 2382 871 2446 nullum
889 2391 1052 2471 auctorem
1073 2380 1237 2465 adscribit,
1255 2380 1345 2466 quasi
1370 2401 1436 2444 non

233 2526 237 2531 =
311 2488 434 2552 licuerit
450 2486 494 2550 illi
513 2486 638 2550 titulum
659 2507 787 2571 quoque
805 2484 968 2570 affingere,
991 2486 1041 2550 cui
1059 2486 1150 2550 nefas
1168 2506 1233 2549 non
1248 2485 1308 2548 fuit
1327 2485 1435 2569 ipsum

312 2612 428 2676 corpus
455 2598 647 2674 pervertere.
678 2589 717 2651 Et
738 2609 863 2672 possem
893 2589 945 2653 hic
965 2588 1036 2674 jam
1063 2587 1200 2674 gradum
1229 2587 1338 2674 figere,
1368 2608 1435 2652 non

311 2691 549 2779 agnoscendum
565 2689 758 2756 contendens
773 2712 853 2776 opus
876 2689 963 2776 quod
982 2713 1046 2756 non
1062 2692 1162 2776 erigat
1178 2691 1328 2773 frontem,
1343 2688 1434 2775 quod

311 2798 434 2862 nullam
459 2797 668 2859 constantiam
691 2795 862 2879 praeierat,
898 2795 1020 2858 nullam
1049 2793 1147 2858 fidem
1169 2793 1371 2879 repromittat
1393 2791 1435 2856 dc

311 2897 508 2986 plenitudine
526 2898 618 2981 tituli,
634 2906 665 2961 et
677 2897 873 2982 professione
889 2896 996 2961 debita
1008 2898 1156 2961 auctoris.
1175 2898 1220 2960 Ex
1233 2898 1269 2961 iis
1281 2917 1434 2960 eorumeo-

310 3002 454 3068 totoribus
469 2999 706 3086 (Evangelistis),
727 3021 806 3085 quos
824 2999 991 3083 habemns,
1009 3000 1128 3064 Lucam
1145 2998 1271 3063 videtur
1287 2999 1432 3063 Marcion

310 3108 439 3191 elegisse
461 3126 557 3191 quern
574 3102 756 3168 caederet.»
902 3089 907 3100 ’

353 3210 406 3273 55.
437 3207 558 3272 Deinde
579 3207 694 3292 probat
716 3207 927 3270 Tertullianus
950 3206 1145 3270 Marcionem
1168 3226 1201 3268 se
1226 3205 1330 3290 ipsum
1348 3225 1432 3269 con-

310 3313 426 3376 futare.
442 3311 523 3374 Nam
541 3311 593 3373 vcl
610 3306 747 3373 admittit
758 3309 926 3393 Apostolos
938 3309 1146 3392 Evangelium
1157 3305 1387 3373 adulteravisse
1403 3315 1435 3371 et

310 3436 348 3479 eo
364 3416 432 3498 ipso
444 3414 513 3499 jam
531 3412 688 3476 Christum
704 3421 833 3476 accusat
844 3414 900 3498 qui
916 3413 1083 3497 Apostolos
1100 3413 1206 3496 elegit,
1228 3412 1279 3475 vel
1294 3409 1435 3476 admittit
1523 3496 1524 3499 Ἴ

309 3517 478 3602 Apostolos
509 3517 666 3600 integrum
691 3515 939 3579 lustramentum
965 3515 1125 3596 habuisse,
1149 3513 1434 3599 pseudoapostolos

309 3641 385 3684 vero
400 3617 480 3682 illud
495 3616 733 3681 adulteravisse.
749 3616 811 3681 Sed
825 3615 987 3703 quomodo
1001 3625 1077 3681 tuuc
1089 3618 1204 3681 certior
1217 3614 1323 3680 evadit
1337 3636 1433 3680 suum

309 3720 518 3805 Evangelium
534 3719 576 3783 ab
591 3719 750 3803 Apostolis
767 3717 974 3805 profectum?
995 3718 1102 3803 Pergit
1125 3719 1335 3783 Tertullianus
1352 3716 1403 3802 (2)
1423 3742 1431 3778 ε

312 3850 326 3884 a
342 3824 408 3908 Ego
426 3843 535 3885 meum
553 3819 623 3885 dico
639 3842 763 3904 verum,
780 3822 919 3885 Marcion
932 3839 1041 3901 suum;
1055 3840 1114 3904 ego
1126 3820 1293 3884 Marcionis
1305 3817 1432 3883 affirmo

310 3925 537 4007 adulteratum,
555 3925 696 3988 Marcion
709 3945 830 3988 meum.
850 3924 928 4005 Quis
945 3924 1028 3988 inter
1045 3944 1101 3987 nos
1116 3922 1353 4003 determinabit,
1373 3923 1432 3987 nisi

310 4028 460 4113 temporis
482 4027 586 4110 ratio,
612 4029 640 4089 ei
663 4026 871 4111 praescribens
892 4026 1111 4090 auctoritatem
1123 4074 1132 4109 ,
1158 4024 1246 4110 quod
1272 4025 1432 4111 antiquius

342 4276 377 4339 (l)
389 4275 456 4325 aaa
475 4274 598 4323 Marcion.
610 4271 650 4332 Ν,
667 4270 691 4321 T.

343 4356 378 4421 (2)
389 4355 454 4408 loto.
467 4355 507 4417 lv,
519 4355 544 4404 l.
