3168 4948
251 272 317 338 tto
480 292 681 346 turnonueno
698 293 847 337 ornernms
862 295 894 338 m
914 295 940 338 s.
959 295 1162 341 semorum.

249 403 285 457 ut
300 393 404 479 prime
420 394 576 478 plantatio
588 414 608 456 e
619 392 715 458 Petro
729 394 814 458 factu
830 414 950 459 norum
965 396 1127 481 occiperet
1138 388 1400 483 incrementum]

238 472 334 593 &ern
360 496 571 561 certissimum
590 506 636 559 est
655 517 696 560 ex
716 496 813 581 ipsius
836 496 928 561 Pauli
950 498 1130 564 {estimonio
1151 499 1257 585 ipsum
1278 501 1393 566 Romre

252 597 397 674 nondum
411 599 519 682 luisse,
539 618 639 683 quum
651 598 777 683 scripsit
789 593 881 663 sunm
893 597 936 663 ed
950 600 1114 665 Romanos
1129 602 1304 686 Epistolem
1320 580 1391 690 (ᾗ)

251 723 316 787 quo
333 711 477 789 tempore
497 700 569 787 jum
584 699 806 767 florentissime
820 700 865 766 ibi
877 701 1059 767 habebatur
1073 704 1219 769 ecclesie.
1234 706 1288 771 Ait
1302 709 1392 772 enim

159 804 162 812 ‘
227 845 230 852 ·
251 803 371 868 Paulus
391 804 482 889 (Rom
513 804 540 887 I,
561 801 596 889 8)
617 826 625 866 :
643 804 790 867 Primum
808 805 930 889 quidem
949 807 1067 890 gratioe
1080 796 1149 891 'opo
1165 809 1229 872 Deo
1251 830 1315 873 meo
1334 832 1392 895 per

250 907 357 985 denum
371 904 528 971 Christum
539 927 598 989 pro
611 908 696 969 omni
766 905 848 971 sotir
865 930 875 971 :
891 909 965 991 quio
977 907 1054 993 fides
1069 920 1168 973 oestro
1184 915 1393 976 nnnmttiotnr
1567 909 1579 949 l

149 1090 151 1101 Ι
250 1011 282 1072 iu
306 1011 445 1073 uniuerso
466 1008 589 1076 mundo.
615 1007 692 1072 Coel
762 1030 859 1094 porro
883 1010 938 1073 ille
973 1011 1108 1076 eeclesia
1132 1033 1197 1078 non
1218 1012 1323 1079 solum
1348 1037 1391 1105 ex

248 1112 411 1198 gentibus,
424 1110 481 1176 sed
494 1111 591 1175 etiam
603 1133 643 1176 ex
655 1110 851 1198 Judoeis,qni
864 1121 941 1178 tunc
953 1115 1107 1199 temporis
1118 1135 1236 1202 magno
1250 1138 1387 1184 numero

249 1215 363 1280 urbem
380 1215 564 1280 incolebant
580 1215 738 1301 certisque
755 1217 789 1279 in
806 1237 843 1281 eu
863 1218 1037 1303 privilegiis
1052 1218 1265 1307 gaudebunt(
1288 1203 1340 1308 t]

269 1317 325 1403 ι2.
351 1318 397 1379 De
420 1338 511 1380 conso
534 1315 685 1380 scribendi
706 1316 878 1402 Epistolom
907 1318 1003 1403 deque
1032 1321 1166 1405 ejsudem
1192 1309 1385 1408 orpulrtento.

248 1418 443 1504 Quanquam
467 1440 572 1504 neque
593 1439 631 1481 ex
647 1419 715 1503 ipsu
734 1419 887 1504 Epistola,
907 1441 1014 1506 neque
1032 1422 1162 1488 aliunde
1181 1436 1267 1490 certo
1288 1428 1383 1494 nobis

227 1526 372 1586 ”constet
383 1518 539 1606 quidnam
552 1521 598 1584 rei
611 1520 801 1605 Apostolum
817 1522 1016 1607 potissimum
1029 1525 1192 1610 impulerit
1203 1536 1239 1591 ut
1253 1527 1296 1593 ed
1308 1531 1381 1595 Ro-

248 1629 361 1702 manos
385 1622 538 1687 scriberet
550 1672 560 1706 ,
586 1631 695 1687 temen
708 1609 729 1625 '⁸
982 1627 1112 1716 Q
1179 1651 1256 1694 vero
1279 1632 1382 1697 aher.

700 1618 717 1731 1-

50 1794 56 1801 ,
247 1725 531 1807 ravennesstgo
558 1724 565 1736 ’
799 1711 891 1789 usa“n‘r
912 1727 977 1790 sivo
995 1714 1198 1897 occasiogom
1217 1732 1380 1798 scribendi

80 1840 119 1895 232·
210 1821 346 1929 cQ’eulo
375 1851 415 1893 ne
450 1818 524 1892 mjt
571 1850 585 1892 s
623 1849 664 1891 ex
999 1830 1006 1844 '
1086 1881 1095 1915 ,
1153 1854 1285 1898 omenes
1310 1844 1377 1900 tem

244 1932 564 1997 dudeco-christianos
580 1951 678 2016 quern
691 1930 1019 1997 ethnieocbristiunos
1029 1955 1049 1996 n
1105 1944 1191 1999 recte
1204 1938 1320 2003 sentire
1333 1936 1376 2003 de

245 2038 352 2125 Μία
358 2033 604 2120 JQQQS,
622 2033 743 2119 quippe
755 2054 855 2118 quem
867 2035 1029 2100 nonhabe
1062 2045 1112 2119 nt,
1127 2046 1163 2100 ut
1174 2037 1371 2124 debuissent,

245 2162 303 2226 pro
319 2141 376 2203 Dei
388 2138 474 2202 dono
488 2157 617 2221 prorsus
628 2136 778 2221 gratuito,
801 2157 914 2201 verum
932 2139 996 2201 suis
1011 2159 1141 2223 suaeque
1155 2142 1258 2225 gentis
1272 2144 1375 2206 meri-

244 2247 283 2309 tis
309 2245 437 2328 utrique
463 2240 551 2304 lelso·
569 2216 818 2332 adscriberent]
829 2239 953 2305 Etenim
977 2262 1079 2326 quum
1103 2244 1136 2306 in
1158 2244 1213 2308 ille
1232 2246 1375 2329 Epistola

244 2348 313 2412 fere
336 2357 419 2411 totus
446 2345 484 2408 sit
502 2343 673 2428 Apostolus
695 2342 729 2405 in
751 2341 898 2407 docendo
914 2338 1176 2429 justificationem
1200 2348 1374 2432 gratuitum

244 2471 312 2514 esse
333 2449 391 2512 Dei
410 2446 544 2528 donum,
565 2467 622 2509 our
637 2446 700 2509 hoe
716 2446 820 2530 potius
836 2467 934 2530 quum
959 2444 1047 2510 uliud
1065 2458 1290 2533 argumentum
1308 2461 1375 2515 tre-

244 2559 370 2629 ctesset,
388 2549 447 2612 nisi
467 2548 543 2634 quia
557 2556 645 2610 certa
659 2547 813 2611 relatione
831 2556 1031 2632 compertum
1046 2547 1192 2632 haberet,
1211 2552 1394 2616 Romanos

245 2653 377 2719 nuncin
392 2652 454 2714 bac
473 2649 672 2735 potissimum
688 2671 724 2713 re
740 2650 934 2714 institutione
955 2649 1127 2736 indigere?

288 2708 502 2848 5.[Quidqtlut
523 2753 573 2833 sit,
598 2752 691 2815 totius
709 2753 868 2837 Epistolu,
888 2762 923 2816 ut
936 2751 1007 2839 jorn
1025 2754 1199 2836 innuimus,
1221 2760 1375 2842 primarie

243 2857 400 2934 sententio
423 2863 481 2937 est,
500 2854 635 2938 gratiam
655 2852 890 2939 justificationis
905 2854 1027 2918 homini
1052 2855 1229 2942 obtingere,
1255 2880 1319 2922 non
1340 2869 1376 2923 ut

243 2956 428 3024 mercedem
448 2956 591 3041 aliquam
615 2953 767 3040 operibus
795 2955 858 3018 suis
888 2963 1043 3040 tauquam
1068 2958 1189 3022 meritis
1216 2957 1381 3043 debitam,

243 3061 300 3126 sed
310 3064 412 3146 protis
427 3060 492 3123 sive
510 3080 549 3122 ex
565 3059 622 3122 Dei
639 3078 716 3142 erge
734 3058 837 3142 ipsum
856 3057 998 3122 bonitate
1012 3059 1198 3126 omnimodo
1214 3064 1372 3154 gratuite3

243 3165 409 3249 obtingere
428 3170 535 3226 eutem
549 3161 720 3246 perfidorum
736 3181 808 3245 quae
825 3169 932 3223 temen
945 3160 989 3224 ibi
1007 3160 1126 3226 habeat
1137 3184 1201 3227 non
1216 3167 1374 3229 rationem

242 3289 346 3333 eeusae
366 3267 547 3348 meritorie,
570 3263 626 3328 sed
647 3266 685 3328 sit
706 3265 892 3350 simpliciter
915 3263 1054 3330 conditio
1078 3265 1145 3331 sine
1169 3288 1233 3352 qua
1253 3270 1374 3333 nemini

242 3371 339 3458 possit
354 3371 408 3434 ille
426 3369 525 3453 gratie
545 3367 721 3452 obtingere,
742 3389 814 3453 quae
832 3369 1017 3453 ceteroquin
1035 3367 1185 3434 divinitus
1206 3371 1369 3457 offeratur,

242 3476 331 3539 nullo
348 3474 449 3558 gentis
464 3482 518 3535 eut
535 3472 704 3535 bominum
720 3470 915 3555 discrimine,
932 3474 1105 3558 epirumque
1118 3470 1268 3569 creden]
1279 3476 1372 3540 Hane

240 3600 318 3644 vero
334 3576 523 3640 sententium
536 3575 706 3659 Apostolus
723 3573 882 3658 prioribus
895 3583 966 3638 oelo
979 3575 1126 3658 Epistolae
1142 3577 1298 3662 capitibus
1311 3599 1371 3642 ex-

240 3683 339 3767 plieat
350 3688 382 3743 et
394 3677 510 3763 probet
520 3670 584 3741 hoc
597 3675 721 3741 ordine.
737 3678 836 3740 Docet
849 3679 954 3761 primo
969 3677 1178 3762 Errangelium
1193 3678 1370 3744 salvificem

239 3780 416 3870 quamdam
437 3782 501 3845 vim
522 3801 589 3844 csse
606 3778 755 3844 omnibus
772 3770 975 3855 credentibus
995 3787 1060 3843 tem
1084 3780 1256 3863 gentilibus
1272 3802 1371 3868 qnam

117 3966 120 3973 s
238 3885 531 3973 Judaeum-17).
553 3886 653 3948 Porro
672 3881 809 3948 ostendit
829 3882 957 3948 ludaeos
979 3902 1071 3969 aeque
1092 3905 1132 3949 uo
1149 3887 1282 3971 gentiles
1299 3909 1372 3953 reos

271 4156 309 4298 iii
320 4151 422 4297 mg:
437 4152 544 4297 leitil
559 4230 633 4291 xt'll,
651 4229 689 4294 1⁶23
704 4230 786 4292 Philo,
804 4230 889 4296 Lepet.
910 4230 945 4281 cul
961 4230 1064 4283 Catum.
1083 4244 1108 4295 p.
1128 4232 1201 4296 toll,
1221 4233 1268 4284 Ed.
1286 4232 1368 4291 tran:
1446 4250 1449 4257 >
1576 4187 1583 4220 ⁴

238 4322 354 4381 Sueten,
373 4317 467 4368 Tttrrr'i
477 4317 540 4377 etto,
559 4313 601 4365 56.
