<?xml version="1.0" encoding="UTF-8"?>
<!DOCTYPE html PUBLIC "-//W3C//DTD XHTML 1.0 Transitional//EN"
    "http://www.w3.org/TR/xhtml1/DTD/xhtml1-transitional.dtd">
<html xmlns="http://www.w3.org/1999/xhtml" xml:lang="en" lang="en">
 <head>
  <title>
</title>
<meta http-equiv="Content-Type" content="text/html;charset=utf-8" />
  <meta name='ocr-system' content='tesseract 3.04.00' />
  <meta name='ocr-capabilities' content='ocr_page ocr_carea ocr_par ocr_line ocrx_word'/>
</head>
<body>
  <div class='ocr_page' id='page_1' title='image "./introductioinsa00lamygoog/introductioinsa00lamygoog_0147.png"; bbox 0 0 3132 4964; ppageno 0'>
   <div class='ocr_carea' id='block_1_1' title="bbox 275 258 1176 322">
    <p class='ocr_par' dir='ltr' id='par_1_1' title="bbox 275 258 1176 322">
     <span class='ocr_line' id='line_1_1' title="bbox 275 258 1176 322; baseline -0.003 0"><span class='ocrx_word' id='word_1_1' title='bbox 275 258 337 322; x_wconf 76' lang='lat'><strong>158</strong></span> <span class='ocrx_word' id='word_1_2' title='bbox 504 275 702 319; x_wconf 82' lang='lat' dir='ltr'><strong>rurnonccrro</strong></span> <span class='ocrx_word' id='word_1_3' title='bbox 721 274 868 316; x_wconf 73' lang='lat' dir='ltr'><strong>senarius</strong></span> <span class='ocrx_word' id='word_1_4' title='bbox 882 275 914 315; x_wconf 84' lang='lat' dir='ltr'><strong>ru</strong></span> <span class='ocrx_word' id='word_1_5' title='bbox 933 275 959 317; x_wconf 92' lang='lat' dir='ltr'><strong>s.</strong></span> <span class='ocrx_word' id='word_1_6' title='bbox 976 276 1176 319; x_wconf 76' lang='lat' dir='ltr'><strong>scararunnu.</strong></span> 
     </span>
    </p>
   </div>
   <div class='ocr_carea' id='block_1_2' title="bbox 196 371 1482 3036">
    <p class='ocr_par' dir='ltr' id='par_1_2' title="bbox 269 371 1404 1074">
     <span class='ocr_line' id='line_1_2' title="bbox 272 371 1402 460; baseline 0.001 -20"><span class='ocrx_word' id='word_1_7' title='bbox 272 386 370 440; x_wconf 91' lang='lat' dir='ltr'><strong>tatem</strong></span> <span class='ocrx_word' id='word_1_8' title='bbox 392 373 626 460; x_wconf 88' lang='lat' dir='ltr'><strong>prophetandi;</strong></span> <span class='ocrx_word' id='word_1_9' title='bbox 653 371 741 459; x_wconf 91' lang='lat' dir='ltr'><strong>quod</strong></span> <span class='ocrx_word' id='word_1_10' title='bbox 765 393 831 436; x_wconf 89' lang='lat' dir='ltr'><strong>esse</strong></span> <span class='ocrx_word' id='word_1_11' title='bbox 856 373 973 437; x_wconf 85' lang='lat' dir='ltr'><strong>falsum</strong></span> <span class='ocrx_word' id='word_1_12' title='bbox 997 375 1202 439; x_wconf 81' lang='lat' dir='ltr'><strong>manifestum</strong></span> <span class='ocrx_word' id='word_1_13' title='bbox 1223 384 1279 438; x_wconf 89' lang='lat' dir='ltr'><strong>est.</strong></span> <span class='ocrx_word' id='word_1_14' title='bbox 1304 376 1402 442; x_wconf 84' lang='lat' dir='ltr'><strong>Unde</strong></span> 
     </span>
     <span class='ocr_line' id='line_1_3' title="bbox 271 470 1401 562; baseline 0 -20"><span class='ocrx_word' id='word_1_15' title='bbox 271 479 400 542; x_wconf 83' lang='lat' dir='ltr'><strong>Elisaeus</strong></span> <span class='ocrx_word' id='word_1_16' title='bbox 420 470 498 541; x_wconf 82' lang='lat' dir='ltr'>dixit</span> <span class='ocrx_word' id='word_1_17' title='bbox 519 476 559 541; x_wconf 90' lang='lat' dir='ltr'><strong>de</strong></span> <span class='ocrx_word' id='word_1_18' title='bbox 578 477 713 540; x_wconf 89' lang='lat' dir='ltr'><strong>muliere</strong></span> <span class='ocrx_word' id='word_1_19' title='bbox 730 476 893 539; x_wconf 88' lang='lat' dir='ltr'><strong>Sunamite</strong></span> <span class='ocrx_word' id='word_1_20' title='bbox 911 476 958 561; x_wconf 81' lang='lat' dir='ltr'><strong>(l)</strong></span> <span class='ocrx_word' id='word_1_21' title='bbox 982 500 990 540; x_wconf 72' lang='grc' dir='ltr'><strong><em>ε</em></strong></span> <span class='ocrx_word' id='word_1_22' title='bbox 1013 479 1132 541; x_wconf 82' lang='lat' dir='ltr'><strong>Animo</strong></span> <span class='ocrx_word' id='word_1_23' title='bbox 1147 479 1212 562; x_wconf 72' lang='lat' dir='ltr'><strong>ejus</strong></span> <span class='ocrx_word' id='word_1_24' title='bbox 1227 480 1259 541; x_wconf 79' lang='lat' dir='ltr'><strong>iu</strong></span> <span class='ocrx_word' id='word_1_25' title='bbox 1276 482 1401 542; x_wconf 82' lang='lat' dir='ltr'><strong>umori-</strong></span> 
     </span>
     <span class='ocr_line' id='line_1_4' title="bbox 271 577 1403 666; baseline 0.001 -22"><span class='ocrx_word' id='word_1_26' title='bbox 271 581 373 644; x_wconf 83' lang='lat' dir='ltr'><strong>tudiuc</strong></span> <span class='ocrx_word' id='word_1_27' title='bbox 388 592 453 657; x_wconf 83' lang='lat' dir='ltr'><strong>cst‚·</strong></span> <span class='ocrx_word' id='word_1_28' title='bbox 471 592 499 643; x_wconf 88' lang='lat' dir='ltr'><strong>ct</strong></span> <span class='ocrx_word' id='word_1_29' title='bbox 514 581 664 642; x_wconf 78' lang='lat' dir='ltr'><strong><em>Dominus</em></strong></span> <span class='ocrx_word' id='word_1_30' title='bbox 682 577 787 641; x_wconf 85' lang='lat' dir='ltr'><strong>celauit</strong></span> <span class='ocrx_word' id='word_1_31' title='bbox 814 601 832 640; x_wconf 88' lang='lat' dir='ltr'><strong>a</strong></span> <span class='ocrx_word' id='word_1_32' title='bbox 856 600 913 641; x_wconf 85' lang='lat' dir='ltr'><strong>me.</strong></span> <span class='ocrx_word' id='word_1_33' title='bbox 939 580 1064 643; x_wconf 82' lang='lat' dir='ltr'><strong>Etenim</strong></span> <span class='ocrx_word' id='word_1_34' title='bbox 1087 581 1167 644; x_wconf 90' lang='lat' dir='ltr'><strong>sicut</strong></span> <span class='ocrx_word' id='word_1_35' title='bbox 1190 601 1246 643; x_wconf 86' lang='lat' dir='ltr'><strong>aer</strong></span> <span class='ocrx_word' id='word_1_36' title='bbox 1270 601 1403 666; x_wconf 90' lang='lat' dir='ltr'><strong>semper</strong></span> 
     </span>
     <span class='ocr_line' id='line_1_5' title="bbox 269 681 1403 768; baseline 0.002 -22"><span class='ocrx_word' id='word_1_37' title='bbox 269 681 390 767; x_wconf 83' lang='lat' dir='ltr'><strong>indiget</strong></span> <span class='ocrx_word' id='word_1_38' title='bbox 406 704 488 746; x_wconf 88' lang='lat' dir='ltr'><strong>nova</strong></span> <span class='ocrx_word' id='word_1_39' title='bbox 505 682 750 762; x_wconf 81' lang='lat' dir='ltr'><strong>illuminatione,</strong></span> <span class='ocrx_word' id='word_1_40' title='bbox 769 682 812 743; x_wconf 85' lang='lat' dir='ltr'><strong>ita</strong></span> <span class='ocrx_word' id='word_1_41' title='bbox 828 700 918 744; x_wconf 89' lang='lat' dir='ltr'><strong>mens</strong></span> <span class='ocrx_word' id='word_1_42' title='bbox 937 682 1103 767; x_wconf 84' lang='lat' dir='ltr'><strong>Prophetae</strong></span> <span class='ocrx_word' id='word_1_43' title='bbox 1126 703 1254 767; x_wconf 80' lang='lat' dir='ltr'><strong>semper</strong></span> <span class='ocrx_word' id='word_1_44' title='bbox 1277 682 1403 768; x_wconf 82' lang='lat' dir='ltr'><strong>indiget</strong></span> 
     </span>
     <span class='ocr_line' id='line_1_6' title="bbox 271 784 1402 871; baseline 0.002 -23"><span class='ocrx_word' id='word_1_45' title='bbox 271 806 353 850; x_wconf 91' lang='lat' dir='ltr'><strong>nova</strong></span> <span class='ocrx_word' id='word_1_46' title='bbox 388 785 593 848; x_wconf 75' lang='lat' dir='ltr'><strong>revelatione.</strong></span> <span class='ocrx_word' id='word_1_47' title='bbox 625 784 696 848; x_wconf 92' lang='lat' dir='ltr'><strong>Hoc</strong></span> <span class='ocrx_word' id='word_1_48' title='bbox 725 784 820 847; x_wconf 89' lang='lat' dir='ltr'><strong>etiam</strong></span> <span class='ocrx_word' id='word_1_49' title='bbox 844 784 986 848; x_wconf 83' lang='lat' dir='ltr'><strong>innuitur</strong></span> <span class='ocrx_word' id='word_1_50' title='bbox 1022 807 1061 849; x_wconf 85' lang='lat' dir='ltr'><strong>ex</strong></span> <span class='ocrx_word' id='word_1_51' title='bbox 1095 786 1218 848; x_wconf 88' lang='lat' dir='ltr'><strong>ratione</strong></span> <span class='ocrx_word' id='word_1_52' title='bbox 1243 786 1402 871; x_wconf 87' lang='lat' dir='ltr'><strong>loquendi</strong></span> 
     </span>
     <span class='ocr_line' id='line_1_7' title="bbox 270 884 1404 971; baseline 0.004 -23"><span class='ocrx_word' id='word_1_53' title='bbox 270 887 516 971; x_wconf 83' lang='lat' dir='ltr'><strong>Prophetarum,</strong></span> <span class='ocrx_word' id='word_1_54' title='bbox 540 886 596 971; x_wconf 91' lang='lat' dir='ltr'><strong>qui</strong></span> <span class='ocrx_word' id='word_1_55' title='bbox 616 885 801 970; x_wconf 87' lang='lat' dir='ltr'><strong>frequenter</strong></span> <span class='ocrx_word' id='word_1_56' title='bbox 820 884 931 948; x_wconf 88' lang='lat' dir='ltr'><strong>dieunt</strong></span> <span class='ocrx_word' id='word_1_57' title='bbox 953 909 960 947; x_wconf 78' lang='grc' dir='ltr'><strong>ε</strong></span> <span class='ocrx_word' id='word_1_58' title='bbox 982 889 1111 950; x_wconf 79' lang='lat' dir='ltr'><strong>Locutus</strong></span> <span class='ocrx_word' id='word_1_59' title='bbox 1131 898 1175 949; x_wconf 81' lang='lat' dir='ltr'><strong>ast</strong></span> <span class='ocrx_word' id='word_1_60' title='bbox 1192 889 1342 952; x_wconf 81' lang='lat' dir='ltr'><strong>Dominus</strong></span> <span class='ocrx_word' id='word_1_61' title='bbox 1360 891 1404 952; x_wconf 80' lang='lat' dir='ltr'><strong>od</strong></span> 
     </span>
     <span class='ocr_line' id='line_1_8' title="bbox 272 987 762 1074; baseline 0.002 -20"><span class='ocrx_word' id='word_1_62' title='bbox 272 1012 337 1070; x_wconf 87' lang='lat' dir='ltr'><strong>mc;</strong></span> <span class='ocrx_word' id='word_1_63' title='bbox 350 992 401 1053; x_wconf 87' lang='lat' dir='ltr'><strong>vel</strong></span> <span class='ocrx_word' id='word_1_64' title='bbox 422 991 484 1054; x_wconf 92' lang='lat' dir='ltr'><strong>alia</strong></span> <span class='ocrx_word' id='word_1_65' title='bbox 500 988 713 1074; x_wconf 87' lang='lat' dir='ltr'><strong>hujusmodi(</strong></span> <span class='ocrx_word' id='word_1_66' title='bbox 738 987 762 1071; x_wconf 69' lang='lat' dir='ltr'><strong>i.</strong></span> 
     </span>
    </p>

    <p class='ocr_par' dir='ltr' id='par_1_3' title="bbox 268 1089 1403 1998">
     <span class='ocr_line' id='line_1_9' title="bbox 315 1089 1403 1177; baseline 0.003 -21"><span class='ocrx_word' id='word_1_67' title='bbox 315 1094 346 1157; x_wconf 79' lang='lat'><strong>4.</strong></span> <span class='ocrx_word' id='word_1_68' title='bbox 362 1094 474 1175; x_wconf 92' lang='lat' dir='ltr'><strong>Porro,</strong></span> <span class='ocrx_word' id='word_1_69' title='bbox 487 1093 633 1177; x_wconf 89' lang='lat' dir='ltr'><strong>quamvis</strong></span> <span class='ocrx_word' id='word_1_70' title='bbox 647 1089 818 1155; x_wconf 83' lang='lat' dir='ltr'><strong>inordinati</strong></span> <span class='ocrx_word' id='word_1_71' title='bbox 831 1091 962 1156; x_wconf 87' lang='lat' dir='ltr'><strong>affectus</strong></span> <span class='ocrx_word' id='word_1_72' title='bbox 974 1093 1150 1155; x_wconf 81' lang='lat' dir='ltr'><strong>maximum</strong></span> <span class='ocrx_word' id='word_1_73' title='bbox 1164 1092 1299 1157; x_wconf 83' lang='lat' dir='ltr'><strong>afferant</strong></span> <span class='ocrx_word' id='word_1_74' title='bbox 1310 1093 1403 1159; x_wconf 88' lang='lat' dir='ltr'><strong>dono</strong></span> 
     </span>
     <span class='ocr_line' id='line_1_10' title="bbox 271 1191 1401 1279; baseline 0.003 -22"><span class='ocrx_word' id='word_1_75' title='bbox 271 1195 445 1279; x_wconf 80' lang='lat' dir='ltr'><strong>prophetice</strong></span> <span class='ocrx_word' id='word_1_76' title='bbox 457 1191 733 1278; x_wconf 85' lang='lat' dir='ltr'><strong>impedimentum,</strong></span> <span class='ocrx_word' id='word_1_77' title='bbox 753 1192 839 1256; x_wconf 90' lang='lat' dir='ltr'><strong>unde</strong></span> <span class='ocrx_word' id='word_1_78' title='bbox 856 1192 1001 1256; x_wconf 91' lang='lat' dir='ltr'><strong>videmus</strong></span> <span class='ocrx_word' id='word_1_79' title='bbox 1018 1193 1194 1278; x_wconf 86' lang='lat' dir='ltr'><strong>Prophetas</strong></span> <span class='ocrx_word' id='word_1_80' title='bbox 1212 1195 1303 1259; x_wconf 88' lang='lat' dir='ltr'><strong>bonis</strong></span> <span class='ocrx_word' id='word_1_81' title='bbox 1321 1216 1401 1260; x_wconf 91' lang='lat' dir='ltr'><strong>mo-</strong></span> 
     </span>
     <span class='ocr_line' id='line_1_11' title="bbox 270 1280 1400 1382; baseline 0.002 -22"><span class='ocrx_word' id='word_1_82' title='bbox 270 1297 358 1361; x_wconf 91' lang='lat' dir='ltr'><strong>ribus</strong></span> <span class='ocrx_word' id='word_1_83' title='bbox 377 1299 513 1382; x_wconf 85' lang='lat' dir='ltr'><strong>vitaeque</strong></span> <span class='ocrx_word' id='word_1_84' title='bbox 534 1297 691 1360; x_wconf 84' lang='lat' dir='ltr'><strong>sanctitati</strong></span> <span class='ocrx_word' id='word_1_85' title='bbox 709 1296 859 1360; x_wconf 90' lang='lat' dir='ltr'><strong>continuo</strong></span> <span class='ocrx_word' id='word_1_86' title='bbox 878 1294 1032 1359; x_wconf 89' lang='lat' dir='ltr'><strong>studuisse</strong></span> <span class='ocrx_word' id='word_1_87' title='bbox 1049 1306 1080 1360; x_wconf 90' lang='lat' dir='ltr'><strong>et</strong></span> <span class='ocrx_word' id='word_1_88' title='bbox 1096 1280 1232 1362; x_wconf 78' lang='lat' dir='ltr'><strong>orationi</strong></span> <span class='ocrx_word' id='word_1_89' title='bbox 1249 1298 1400 1362; x_wconf 86' lang='lat' dir='ltr'><strong>institisse</strong></span> 
     </span>
     <span class='ocr_line' id='line_1_12' title="bbox 270 1398 1400 1484; baseline 0.003 -22"><span class='ocrx_word' id='word_1_90' title='bbox 270 1409 306 1463; x_wconf 90' lang='lat' dir='ltr'><strong>ut</strong></span> <span class='ocrx_word' id='word_1_91' title='bbox 329 1398 511 1462; x_wconf 89' lang='lat' dir='ltr'><strong>futurorum</strong></span> <span class='ocrx_word' id='word_1_92' title='bbox 533 1400 761 1462; x_wconf 86' lang='lat' dir='ltr'><strong>revelationem</strong></span> <span class='ocrx_word' id='word_1_93' title='bbox 790 1420 808 1462; x_wconf 84' lang='lat' dir='ltr'><strong>a</strong></span> <span class='ocrx_word' id='word_1_94' title='bbox 843 1399 909 1462; x_wconf 90' lang='lat' dir='ltr'><strong>Deo</strong></span> <span class='ocrx_word' id='word_1_95' title='bbox 932 1401 1116 1483; x_wconf 82' lang='lat' dir='ltr'><strong>acciperent</strong></span> <span class='ocrx_word' id='word_1_96' title='bbox 1128 1425 1137 1482; x_wconf 82' lang='lat'>3</span> <span class='ocrx_word' id='word_1_97' title='bbox 1163 1409 1265 1484; x_wconf 87' lang='lat' dir='ltr'><strong>potest</strong></span> <span class='ocrx_word' id='word_1_98' title='bbox 1287 1409 1400 1465; x_wconf 85' lang='lat' dir='ltr'><strong>tamen</strong></span> 
     </span>
     <span class='ocr_line' id='line_1_13' title="bbox 271 1501 1401 1586; baseline 0 -20"><span class='ocrx_word' id='word_1_99' title='bbox 271 1502 439 1586; x_wconf 88' lang='lat' dir='ltr'><strong>prophetia</strong></span> <span class='ocrx_word' id='word_1_100' title='bbox 455 1523 523 1565; x_wconf 90' lang='lat' dir='ltr'><strong>esse</strong></span> <span class='ocrx_word' id='word_1_101' title='bbox 536 1502 603 1564; x_wconf 88' lang='lat' dir='ltr'><strong>sine</strong></span> <span class='ocrx_word' id='word_1_102' title='bbox 621 1502 772 1565; x_wconf 88' lang='lat' dir='ltr'><strong>charitate</strong></span> <span class='ocrx_word' id='word_1_103' title='bbox 794 1510 824 1564; x_wconf 90' lang='lat' dir='ltr'><strong>et</strong></span> <span class='ocrx_word' id='word_1_104' title='bbox 846 1502 947 1585; x_wconf 84' lang='lat' dir='ltr'><strong>gratia</strong></span> <span class='ocrx_word' id='word_1_105' title='bbox 971 1501 1199 1583; x_wconf 85' lang='lat' dir='ltr'><strong>sanctificante,</strong></span> <span class='ocrx_word' id='word_1_106' title='bbox 1217 1513 1253 1566; x_wconf 90' lang='lat' dir='ltr'><strong>ut</strong></span> <span class='ocrx_word' id='word_1_107' title='bbox 1273 1512 1401 1567; x_wconf 90' lang='lat' dir='ltr'><strong>constat</strong></span> 
     </span>
     <span class='ocr_line' id='line_1_14' title="bbox 271 1589 1399 1689; baseline 0.003 -24"><span class='ocrx_word' id='word_1_108' title='bbox 271 1603 493 1684; x_wconf 81' lang='lat' dir='ltr'><strong>exBalaamo,</strong></span> <span class='ocrx_word' id='word_1_109' title='bbox 513 1604 567 1689; x_wconf 92' lang='lat' dir='ltr'><strong>qui</strong></span> <span class='ocrx_word' id='word_1_110' title='bbox 582 1603 638 1666; x_wconf 90' lang='lat' dir='ltr'><strong>etsi</strong></span> <span class='ocrx_word' id='word_1_111' title='bbox 655 1589 751 1666; x_wconf 86' lang='lat' dir='ltr'><strong>salsos</strong></span> <span class='ocrx_word' id='word_1_112' title='bbox 763 1601 840 1665; x_wconf 87' lang='lat' dir='ltr'><strong>deos</strong></span> <span class='ocrx_word' id='word_1_113' title='bbox 857 1604 986 1686; x_wconf 89' lang='lat' dir='ltr'><strong>coleret,</strong></span> <span class='ocrx_word' id='word_1_114' title='bbox 1004 1612 1111 1666; x_wconf 89' lang='lat' dir='ltr'><strong>tamen</strong></span> <span class='ocrx_word' id='word_1_115' title='bbox 1128 1625 1203 1668; x_wconf 92' lang='lat' dir='ltr'><strong>vere</strong></span> <span class='ocrx_word' id='word_1_116' title='bbox 1220 1606 1399 1689; x_wconf 68' lang='lat' dir='ltr'><strong>prophete-</strong></span> 
     </span>
     <span class='ocr_line' id='line_1_15' title="bbox 270 1706 1400 1815; baseline 0.001 -44"><span class='ocrx_word' id='word_1_117' title='bbox 270 1709 331 1792; x_wconf 85' lang='lat' dir='ltr'><strong>vit3</strong></span> <span class='ocrx_word' id='word_1_118' title='bbox 346 1717 378 1772; x_wconf 90' lang='lat' dir='ltr'><strong>et</strong></span> <span class='ocrx_word' id='word_1_119' title='bbox 392 1730 431 1771; x_wconf 84' lang='lat' dir='ltr'><strong>ex</strong></span> <span class='ocrx_word' id='word_1_120' title='bbox 444 1707 551 1771; x_wconf 83' lang='lat' dir='ltr'><strong>Muttlc.</strong></span> <span class='ocrx_word' id='word_1_121' title='bbox 566 1708 638 1788; x_wconf 77' lang='lat' dir='ltr'><strong>vlt,</strong></span> <span class='ocrx_word' id='word_1_122' title='bbox 659 1709 717 1790; x_wconf 75' lang='lat'><strong>22,</strong></span> <span class='ocrx_word' id='word_1_123' title='bbox 734 1706 789 1770; x_wconf 90' lang='lat' dir='ltr'><strong>ubi</strong></span> <span class='ocrx_word' id='word_1_124' title='bbox 802 1707 850 1770; x_wconf 91' lang='lat' dir='ltr'><strong>his</strong></span> <span class='ocrx_word' id='word_1_125' title='bbox 869 1708 924 1815; x_wconf 67' lang='lat' dir='ltr'><strong>qui</strong></span> <span class='ocrx_word' id='word_1_126' title='bbox 942 1706 1111 1771; x_wconf 84' lang='lat' dir='ltr'><strong>dixerant:</strong></span> <span class='ocrx_word' id='word_1_127' title='bbox 1130 1709 1277 1782; x_wconf 76' lang='lat' dir='ltr'><strong>Domine,</strong></span> <span class='ocrx_word' id='word_1_128' title='bbox 1293 1730 1400 1772; x_wconf 84' lang='lat' dir='ltr'><strong>nonne</strong></span> 
     </span>
     <span class='ocr_line' id='line_1_16' title="bbox 269 1808 1394 1895; baseline 0.002 -23"><span class='ocrx_word' id='word_1_129' title='bbox 269 1812 302 1872; x_wconf 83' lang='lat' dir='ltr'><strong>iu</strong></span> <span class='ocrx_word' id='word_1_130' title='bbox 314 1813 434 1875; x_wconf 84' lang='lat' dir='ltr'><strong>nominc</strong></span> <span class='ocrx_word' id='word_1_131' title='bbox 451 1822 499 1873; x_wconf 90' lang='lat' dir='ltr'><strong>tuo</strong></span> <span class='ocrx_word' id='word_1_132' title='bbox 518 1809 793 1894; x_wconf 79' lang='lat' dir='ltr'><strong>prophetanimus?</strong></span> <span class='ocrx_word' id='word_1_133' title='bbox 815 1808 1028 1894; x_wconf 89' lang='lat' dir='ltr'><strong>respondetur</strong></span> <span class='ocrx_word' id='word_1_134' title='bbox 1045 1832 1053 1872; x_wconf 72' lang='grc' dir='ltr'><strong><em>ε</em></strong></span> <span class='ocrx_word' id='word_1_135' title='bbox 1070 1810 1232 1895; x_wconf 85' lang='lat' dir='ltr'><strong>Nunquam</strong></span> <span class='ocrx_word' id='word_1_136' title='bbox 1243 1814 1318 1874; x_wconf 85' lang='lat' dir='ltr'><strong>uoci</strong></span> <span class='ocrx_word' id='word_1_137' title='bbox 1327 1833 1394 1875; x_wconf 89' lang='lat' dir='ltr'><strong>nos.</strong></span> 
     </span>
     <span class='ocr_line' id='line_1_17' title="bbox 268 1909 1393 1998; baseline 0 -22"><span class='ocrx_word' id='word_1_138' title='bbox 268 1911 361 1976; x_wconf 82' lang='lat' dir='ltr'><strong>Novit</strong></span> <span class='ocrx_word' id='word_1_139' title='bbox 380 1921 486 1976; x_wconf 88' lang='lat' dir='ltr'><strong>autem</strong></span> <span class='ocrx_word' id='word_1_140' title='bbox 506 1913 660 1975; x_wconf 85' lang='lat' dir='ltr'><strong>Dominus</strong></span> <span class='ocrx_word' id='word_1_141' title='bbox 680 1912 736 1995; x_wconf 91' lang='lat' dir='ltr'><strong>qui</strong></span> <span class='ocrx_word' id='word_1_142' title='bbox 753 1920 826 1974; x_wconf 90' lang='lat' dir='ltr'><strong>sunt</strong></span> <span class='ocrx_word' id='word_1_143' title='bbox 843 1909 923 1996; x_wconf 81' lang='lat' dir='ltr'><strong>ejus,</strong></span> <span class='ocrx_word' id='word_1_144' title='bbox 941 1921 976 1975; x_wconf 89' lang='lat' dir='ltr'><strong>ut</strong></span> <span class='ocrx_word' id='word_1_145' title='bbox 992 1909 1108 1976; x_wconf 88' lang='lat' dir='ltr'><strong>dicitur</strong></span> <span class='ocrx_word' id='word_1_146' title='bbox 1123 1914 1159 1974; x_wconf 89' lang='lat' dir='ltr'><strong>II</strong></span> <span class='ocrx_word' id='word_1_147' title='bbox 1172 1914 1251 1976; x_wconf 79' lang='lat' dir='ltr'><strong>Tim.</strong></span> <span class='ocrx_word' id='word_1_148' title='bbox 1266 1913 1309 1996; x_wconf 93' lang='lat' dir='ltr'><strong>II,</strong></span> <span class='ocrx_word' id='word_1_149' title='bbox 1328 1913 1393 1998; x_wconf 73' lang='grc' dir='ltr'>(ὅ).</span> 
     </span>
    </p>

    <p class='ocr_par' dir='ltr' id='par_1_4' title="bbox 196 1983 1482 3036">
     <span class='ocr_line' id='line_1_18' title="bbox 311 1983 1482 2115; baseline 0.002 -38"><span class='ocrx_word' id='word_1_150' title='bbox 311 1983 529 2115; x_wconf 53' lang='lat' dir='ltr'><strong>hnibjeetum</strong></span> <span class='ocrx_word' id='word_1_151' title='bbox 545 2014 719 2099; x_wconf 86' lang='lat' dir='ltr'><strong>prophetiae</strong></span> <span class='ocrx_word' id='word_1_152' title='bbox 736 2023 810 2077; x_wconf 88' lang='lat' dir='ltr'><strong>sunt</strong></span> <span class='ocrx_word' id='word_1_153' title='bbox 825 2034 936 2077; x_wconf 90' lang='lat' dir='ltr'><strong>omnes</strong></span> <span class='ocrx_word' id='word_1_154' title='bbox 952 2024 1082 2090; x_wconf 84' lang='lat' dir='ltr'><strong>eventus</strong></span> <span class='ocrx_word' id='word_1_155' title='bbox 1099 2015 1197 2078; x_wconf 89' lang='lat' dir='ltr'><strong>futuri</strong></span> <span class='ocrx_word' id='word_1_156' title='bbox 1219 2015 1275 2100; x_wconf 91' lang='lat' dir='ltr'><strong>qui</strong></span> <span class='ocrx_word' id='word_1_157' title='bbox 1294 2007 1396 2079; x_wconf 89' lang='lat' dir='ltr'><strong>natd-</strong></span> <span class='ocrx_word' id='word_1_158' title='bbox 1474 2034 1482 2040; x_wconf 90' lang='lat'>·</span> 
     </span>
     <span class='ocr_line' id='line_1_19' title="bbox 266 2082 1395 2203; baseline 0 -23"><span class='ocrx_word' id='word_1_159' title='bbox 266 2117 375 2181; x_wconf 90' lang='lat' dir='ltr'><strong>raliter</strong></span> <span class='ocrx_word' id='word_1_160' title='bbox 396 2115 554 2181; x_wconf 83' lang='lat' dir='ltr'><strong>excedunt</strong></span> <span class='ocrx_word' id='word_1_161' title='bbox 583 2117 758 2180; x_wconf 89' lang='lat' dir='ltr'><strong>humanam</strong></span> <span class='ocrx_word' id='word_1_162' title='bbox 778 2116 1003 2200; x_wconf 80' lang='lat' dir='ltr'><strong>cognitionem,</strong></span> <span class='ocrx_word' id='word_1_163' title='bbox 1026 2127 1061 2180; x_wconf 92' lang='lat' dir='ltr'><strong>ut</strong></span> <span class='ocrx_word' id='word_1_164' title='bbox 1081 2128 1152 2181; x_wconf 90' lang='lat' dir='ltr'><strong>sunt</strong></span> <span class='ocrx_word' id='word_1_165' title='bbox 1172 2082 1238 2179; x_wconf 49' lang='lat' dir='ltr'><strong>9²l0</strong></span> <span class='ocrx_word' id='word_1_166' title='bbox 1253 2118 1299 2180; x_wconf 88' lang='lat' dir='ltr'><strong>Ea</strong></span> <span class='ocrx_word' id='word_1_167' title='bbox 1320 2139 1395 2203; x_wconf 77' lang='lat' dir='ltr'><strong>quae</strong></span> 
     </span>
     <span class='ocr_line' id='line_1_20' title="bbox 264 2218 1392 2303; baseline -0.002 -19"><span class='ocrx_word' id='word_1_168' title='bbox 264 2221 349 2285; x_wconf 88' lang='lat' dir='ltr'><strong>Deus</strong></span> <span class='ocrx_word' id='word_1_169' title='bbox 368 2230 456 2285; x_wconf 83' lang='lat' dir='ltr'><strong>extra</strong></span> <span class='ocrx_word' id='word_1_170' title='bbox 473 2219 673 2284; x_wconf 89' lang='lat' dir='ltr'><strong>ordinarium</strong></span> <span class='ocrx_word' id='word_1_171' title='bbox 697 2229 817 2284; x_wconf 86' lang='lat' dir='ltr'><strong>naturae</strong></span> <span class='ocrx_word' id='word_1_172' title='bbox 842 2227 970 2283; x_wconf 89' lang='lat' dir='ltr'><strong>cursum</strong></span> <span class='ocrx_word' id='word_1_173' title='bbox 993 2221 1099 2283; x_wconf 85' lang='lat' dir='ltr'><strong>facere</strong></span> <span class='ocrx_word' id='word_1_174' title='bbox 1123 2218 1275 2301; x_wconf 86' lang='lat' dir='ltr'><strong>decrevit,</strong></span> <span class='ocrx_word' id='word_1_175' title='bbox 1301 2240 1333 2282; x_wconf 92' lang='lat' dir='ltr'><strong>v.</strong></span> <span class='ocrx_word' id='word_1_176' title='bbox 1356 2239 1392 2303; x_wconf 79' lang='lat' dir='ltr'><strong>g.</strong></span> 
     </span>
     <span class='ocr_line' id='line_1_21' title="bbox 263 2319 1394 2465; baseline -0.003 -78"><span class='ocrx_word' id='word_1_177' title='bbox 263 2324 406 2388; x_wconf 87' lang='lat' dir='ltr'><strong>ascensio</strong></span> <span class='ocrx_word' id='word_1_178' title='bbox 422 2323 547 2405; x_wconf 83' lang='lat' dir='ltr'><strong>Christi,</strong></span> <span class='ocrx_word' id='word_1_179' title='bbox 565 2319 958 2405; x_wconf 81' lang='lat' dir='ltr'><strong>siccitasextraordinaria</strong></span> <span class='ocrx_word' id='word_1_180' title='bbox 974 2321 1021 2465; x_wconf 53' lang='lat' dir='ltr'><strong>app</strong></span> <span class='ocrx_word' id='word_1_181' title='bbox 1036 2322 1102 2385; x_wconf 90' lang='lat' dir='ltr'><strong>Elia</strong></span> <span class='ocrx_word' id='word_1_182' title='bbox 1116 2322 1184 2407; x_wconf 87' lang='lat' dir='ltr'><strong>(Ill</strong></span> <span class='ocrx_word' id='word_1_183' title='bbox 1196 2323 1269 2406; x_wconf 77' lang='lat' dir='ltr'><strong>ch.</strong></span> <span class='ocrx_word' id='word_1_184' title='bbox 1287 2321 1394 2408; x_wconf 85' lang='lat' dir='ltr'>XVII)</span> 
     </span>
     <span class='ocr_line' id='line_1_22' title="bbox 196 2422 1392 2509; baseline 0.003 -22"><span class='ocrx_word' id='word_1_185' title='bbox 196 2480 200 2487; x_wconf 92' lang='lat'>.</span> <span class='ocrx_word' id='word_1_186' title='bbox 262 2422 425 2509; x_wconf 76' lang='lat' dir='ltr'><strong>predicta.</strong></span> <span class='ocrx_word' id='word_1_187' title='bbox 441 2423 517 2489; x_wconf 76' lang='lat' dir='ltr'><strong>llaec</strong></span> <span class='ocrx_word' id='word_1_188' title='bbox 529 2426 616 2488; x_wconf 91' lang='lat' dir='ltr'><strong>enim</strong></span> <span class='ocrx_word' id='word_1_189' title='bbox 633 2426 717 2488; x_wconf 88' lang='lat' dir='ltr'><strong>solus</strong></span> <span class='ocrx_word' id='word_1_190' title='bbox 733 2425 817 2488; x_wconf 87' lang='lat' dir='ltr'><strong>Deus</strong></span> <span class='ocrx_word' id='word_1_191' title='bbox 831 2425 1003 2508; x_wconf 81' lang='lat' dir='ltr'><strong>cognoscit.</strong></span> <span class='ocrx_word' id='word_1_192' title='bbox 1019 2425 1051 2488; x_wconf 75' lang='lat'><strong>2⁰</strong></span> <span class='ocrx_word' id='word_1_193' title='bbox 1062 2426 1200 2488; x_wconf 88' lang='lat' dir='ltr'><strong>Eventus</strong></span> <span class='ocrx_word' id='word_1_194' title='bbox 1213 2423 1392 2509; x_wconf 86' lang='lat' dir='ltr'><strong>pendentes</strong></span> 
     </span>
     <span class='ocr_line' id='line_1_23' title="bbox 263 2512 1394 2613; baseline 0.001 -24"><span class='ocrx_word' id='word_1_195' title='bbox 263 2524 305 2590; x_wconf 87' lang='lat' dir='ltr'><strong>ab</strong></span> <span class='ocrx_word' id='word_1_196' title='bbox 321 2525 443 2590; x_wconf 84' lang='lat' dir='ltr'><strong>actibus</strong></span> <span class='ocrx_word' id='word_1_197' title='bbox 467 2526 576 2590; x_wconf 87' lang='lat' dir='ltr'><strong>liberis</strong></span> <span class='ocrx_word' id='word_1_198' title='bbox 592 2548 673 2612; x_wconf 87' lang='lat' dir='ltr'><strong>quos</strong></span> <span class='ocrx_word' id='word_1_199' title='bbox 696 2528 792 2590; x_wconf 92' lang='lat' dir='ltr'><strong>homo</strong></span> <span class='ocrx_word' id='word_1_200' title='bbox 809 2528 842 2589; x_wconf 90' lang='lat' dir='ltr'><strong>in</strong></span> <span class='ocrx_word' id='word_1_201' title='bbox 860 2526 1004 2590; x_wconf 81' lang='lat' dir='ltr'><strong>futurum</strong></span> <span class='ocrx_word' id='word_1_202' title='bbox 1023 2527 1156 2610; x_wconf 91' lang='lat' dir='ltr'><strong>emittet,</strong></span> <span class='ocrx_word' id='word_1_203' title='bbox 1179 2549 1279 2613; x_wconf 87' lang='lat' dir='ltr'><strong>quum</strong></span> <span class='ocrx_word' id='word_1_204' title='bbox 1301 2549 1335 2590; x_wconf 90' lang='lat' dir='ltr'><strong>se</strong></span> <span class='ocrx_word' id='word_1_205' title='bbox 1357 2512 1394 2612; x_wconf 85' lang='lat' dir='ltr'><strong>in</strong></span> 
     </span>
     <span class='ocr_line' id='line_1_24' title="bbox 204 2615 1393 2729; baseline 0 -37"><span class='ocrx_word' id='word_1_206' title='bbox 204 2656 207 2672; x_wconf 72' lang='lat'><strong>¹</strong></span> <span class='ocrx_word' id='word_1_207' title='bbox 260 2629 345 2692; x_wconf 86' lang='lat' dir='ltr'><strong>hanc</strong></span> <span class='ocrx_word' id='word_1_208' title='bbox 359 2625 513 2693; x_wconf 87' lang='lat' dir='ltr'><strong>velillam</strong></span> <span class='ocrx_word' id='word_1_209' title='bbox 526 2639 651 2714; x_wconf 85' lang='lat' dir='ltr'><strong>partem</strong></span> <span class='ocrx_word' id='word_1_210' title='bbox 663 2630 767 2729; x_wconf 46' lang='grc' dir='ltr'><strong>ΜΝ</strong></span> <span class='ocrx_word' id='word_1_211' title='bbox 785 2615 1035 2709; x_wconf 69' lang='lat' dir='ltr'><strong>determinabiffi</strong></span> <span class='ocrx_word' id='word_1_212' title='bbox 1042 2631 1107 2694; x_wconf 91' lang='lat' dir='ltr'><strong>Hos</strong></span> <span class='ocrx_word' id='word_1_213' title='bbox 1125 2632 1210 2694; x_wconf 91' lang='lat' dir='ltr'><strong>enim</strong></span> <span class='ocrx_word' id='word_1_214' title='bbox 1226 2640 1314 2694; x_wconf 91' lang='lat' dir='ltr'><strong>actus</strong></span> <span class='ocrx_word' id='word_1_215' title='bbox 1330 2650 1393 2714; x_wconf 59' lang='lat' dir='ltr'><strong>nm:</strong></span> 
     </span>
     <span class='ocr_line' id='line_1_25' title="bbox 217 2730 1392 2831; baseline 0.009 -42"><span class='ocrx_word' id='word_1_216' title='bbox 217 2784 220 2789; x_wconf 89' lang='lat'><strong>.</strong></span> <span class='ocrx_word' id='word_1_217' title='bbox 262 2731 406 2817; x_wconf 47' lang='grc' dir='ltr'><strong>ΜΨ,</strong></span> <span class='ocrx_word' id='word_1_218' title='bbox 424 2730 630 2831; x_wconf 63' lang='lat' dir='ltr'><strong>Qu</strong></span> <span class='ocrx_word' id='word_1_219' title='bbox 648 2742 735 2814; x_wconf 62' lang='lat' dir='ltr'><strong>certo</strong></span> <span class='ocrx_word' id='word_1_220' title='bbox 751 2733 1028 2823; x_wconf 59' lang='lat' dir='ltr'><strong>praescimpnlest,</strong></span> <span class='ocrx_word' id='word_1_221' title='bbox 1053 2732 1109 2796; x_wconf 92' lang='lat' dir='ltr'><strong>sed</strong></span> <span class='ocrx_word' id='word_1_222' title='bbox 1125 2734 1210 2798; x_wconf 92' lang='lat' dir='ltr'><strong>solus</strong></span> <span class='ocrx_word' id='word_1_223' title='bbox 1229 2734 1313 2796; x_wconf 87' lang='lat' dir='ltr'><strong>Deus</strong></span> <span class='ocrx_word' id='word_1_224' title='bbox 1333 2737 1392 2819; x_wconf 86' lang='lat' dir='ltr'><strong>qui</strong></span> 
     </span>
     <span class='ocr_line' id='line_1_26' title="bbox 261 2832 1392 2920; baseline 0.005 -26"><span class='ocrx_word' id='word_1_225' title='bbox 261 2832 384 2897; x_wconf 86' lang='lat' dir='ltr'><strong>infinita</strong></span> <span class='ocrx_word' id='word_1_226' title='bbox 399 2856 456 2898; x_wconf 87' lang='lat' dir='ltr'><strong>sua</strong></span> <span class='ocrx_word' id='word_1_227' title='bbox 477 2833 675 2920; x_wconf 83' lang='lat' dir='ltr'><strong>intelligendi</strong></span> <span class='ocrx_word' id='word_1_228' title='bbox 689 2837 719 2898; x_wconf 94' lang='lat' dir='ltr'><strong>vi</strong></span> <span class='ocrx_word' id='word_1_229' title='bbox 735 2843 880 2919; x_wconf 89' lang='lat' dir='ltr'><strong>penetrat</strong></span> <span class='ocrx_word' id='word_1_230' title='bbox 897 2844 928 2898; x_wconf 90' lang='lat' dir='ltr'><strong>ct</strong></span> <span class='ocrx_word' id='word_1_231' title='bbox 943 2835 1186 2920; x_wconf 86' lang='lat' dir='ltr'><strong>comprehendit</strong></span> <span class='ocrx_word' id='word_1_232' title='bbox 1208 2835 1392 2900; x_wconf 87' lang='lat' dir='ltr'><strong>libertatem</strong></span> 
     </span>
     <span class='ocr_line' id='line_1_27' title="bbox 261 2936 1393 3036; baseline 0.003 -37"><span class='ocrx_word' id='word_1_233' title='bbox 261 2936 405 3036; x_wconf 65' lang='lat' dir='ltr'><strong>omnium</strong></span> <span class='ocrx_word' id='word_1_234' title='bbox 417 2948 637 3002; x_wconf 88' lang='lat' dir='ltr'><strong>ereaturarum</strong></span> <span class='ocrx_word' id='word_1_235' title='bbox 649 2936 797 3022; x_wconf 86' lang='lat' dir='ltr'><strong>videtque</strong></span> <span class='ocrx_word' id='word_1_236' title='bbox 812 2938 899 3002; x_wconf 87' lang='lat' dir='ltr'><strong>clare</strong></span> <span class='ocrx_word' id='word_1_237' title='bbox 911 2946 944 3001; x_wconf 87' lang='lat' dir='ltr'><strong>et</strong></span> <span class='ocrx_word' id='word_1_238' title='bbox 956 2936 1101 3003; x_wconf 85' lang='lat' dir='ltr'><strong>distinete</strong></span> <span class='ocrx_word' id='word_1_239' title='bbox 1120 2937 1198 3025; x_wconf 90' lang='lat' dir='ltr'><strong>quid</strong></span> <span class='ocrx_word' id='word_1_240' title='bbox 1214 2940 1393 3023; x_wconf 87' lang='lat' dir='ltr'><strong>unusquis-</strong></span> 
     </span>
    </p>
   </div>
   <div class='ocr_carea' id='block_1_3' title="bbox 261 3140 1396 3616">
    <p class='ocr_par' dir='ltr' id='par_1_5' title="bbox 294 3140 563 3206">
     <span class='ocr_line' id='line_1_28' title="bbox 294 3140 563 3206; baseline 0.037 -17"><span class='ocrx_word' id='word_1_241' title='bbox 294 3140 330 3204; x_wconf 83' lang='lat'><strong>(1)</strong></span> <span class='ocrx_word' id='word_1_242' title='bbox 347 3141 386 3195; x_wconf 89' lang='lat' dir='ltr'><strong>lV</strong></span> <span class='ocrx_word' id='word_1_243' title='bbox 400 3141 459 3206; x_wconf 66' lang='lat' dir='ltr'><strong>ileu.</strong></span> <span class='ocrx_word' id='word_1_244' title='bbox 474 3141 516 3192; x_wconf 83' lang='lat' dir='ltr'><strong>lli.</strong></span> <span class='ocrx_word' id='word_1_245' title='bbox 560 3194 563 3199; x_wconf 28' lang='lat'><strong>⁴</strong></span> 
     </span>
    </p>

    <p class='ocr_par' dir='ltr' id='par_1_6' title="bbox 261 3220 1396 3450">
     <span class='ocr_line' id='line_1_29' title="bbox 294 3220 1396 3287; baseline -0.003 -15"><span class='ocrx_word' id='word_1_246' title='bbox 294 3222 329 3284; x_wconf 67' lang='lat' dir='ltr'><strong>(it</strong></span> <span class='ocrx_word' id='word_1_247' title='bbox 343 3240 354 3268; x_wconf 77' lang='lat' dir='ltr'><strong>c</strong></span> <span class='ocrx_word' id='word_1_248' title='bbox 369 3222 397 3273; x_wconf 87' lang='lat' dir='ltr'><strong>Si</strong></span> <span class='ocrx_word' id='word_1_249' title='bbox 411 3236 512 3285; x_wconf 88' lang='lat' dir='ltr'><strong>semper</strong></span> <span class='ocrx_word' id='word_1_250' title='bbox 525 3230 592 3273; x_wconf 87' lang='lat' dir='ltr'><strong>esset</strong></span> <span class='ocrx_word' id='word_1_251' title='bbox 604 3222 630 3271; x_wconf 91' lang='lat' dir='ltr'><strong>in</strong></span> <span class='ocrx_word' id='word_1_252' title='bbox 645 3223 778 3284; x_wconf 86' lang='lat' dir='ltr'><strong>Prophetis</strong></span> <span class='ocrx_word' id='word_1_253' title='bbox 789 3236 871 3273; x_wconf 88' lang='lat' dir='ltr'><strong>sermo</strong></span> <span class='ocrx_word' id='word_1_254' title='bbox 886 3222 930 3272; x_wconf 87' lang='lat' dir='ltr'><strong>Dei</strong></span> <span class='ocrx_word' id='word_1_255' title='bbox 943 3223 1038 3287; x_wconf 81' lang='lat' dir='ltr'><strong>etjuge</strong></span> <span class='ocrx_word' id='word_1_256' title='bbox 1051 3225 1078 3282; x_wconf 89' lang='lat' dir='ltr'><strong>in</strong></span> <span class='ocrx_word' id='word_1_257' title='bbox 1093 3230 1195 3286; x_wconf 83' lang='lat' dir='ltr'><strong>pectore</strong></span> <span class='ocrx_word' id='word_1_258' title='bbox 1208 3234 1295 3272; x_wconf 87' lang='lat' dir='ltr'><strong>eornm</strong></span> <span class='ocrx_word' id='word_1_259' title='bbox 1311 3220 1396 3270; x_wconf 88' lang='lat' dir='ltr'><strong>hahe-</strong></span> 
     </span>
     <span class='ocr_line' id='line_1_30' title="bbox 261 3296 1395 3370; baseline 0.002 -19"><span class='ocrx_word' id='word_1_260' title='bbox 261 3311 299 3352; x_wconf 80' lang='grc' dir='ltr'><strong>Νι</strong></span> <span class='ocrx_word' id='word_1_261' title='bbox 315 3296 462 3367; x_wconf 83' lang='lat' dir='ltr'><strong>hospitium,</strong></span> <span class='ocrx_word' id='word_1_262' title='bbox 483 3317 611 3367; x_wconf 89' lang='lat' dir='ltr'><strong>nunquam</strong></span> <span class='ocrx_word' id='word_1_263' title='bbox 630 3309 680 3354; x_wconf 89' lang='lat' dir='ltr'><strong>tam</strong></span> <span class='ocrx_word' id='word_1_264' title='bbox 698 3305 786 3354; x_wconf 87' lang='lat' dir='ltr'><strong>crebro</strong></span> <span class='ocrx_word' id='word_1_265' title='bbox 805 3303 920 3354; x_wconf 85' lang='lat' dir='ltr'><strong>Ezechiel</strong></span> <span class='ocrx_word' id='word_1_266' title='bbox 944 3312 1066 3367; x_wconf 85' lang='lat' dir='ltr'><strong>poneret:</strong></span> <span class='ocrx_word' id='word_1_267' title='bbox 1087 3298 1123 3357; x_wconf 81' lang='lat' dir='ltr'><strong>Et</strong></span> <span class='ocrx_word' id='word_1_268' title='bbox 1141 3306 1227 3370; x_wconf 73' lang='lat' dir='ltr'><strong>suttccs</strong></span> <span class='ocrx_word' id='word_1_269' title='bbox 1249 3309 1287 3352; x_wconf 82' lang='lat' dir='ltr'><strong>cat</strong></span> <span class='ocrx_word' id='word_1_270' title='bbox 1305 3313 1395 3353; x_wconf 85' lang='lat' dir='ltr'><strong>sermo</strong></span> 
     </span>
     <span class='ocr_line' id='line_1_31' title="bbox 262 3382 1277 3450; baseline 0.004 -15"><span class='ocrx_word' id='word_1_271' title='bbox 262 3382 370 3435; x_wconf 82' lang='lat' dir='ltr'><strong>Domini</strong></span> <span class='ocrx_word' id='word_1_272' title='bbox 381 3389 415 3436; x_wconf 86' lang='lat' dir='ltr'><strong>nd</strong></span> <span class='ocrx_word' id='word_1_273' title='bbox 432 3402 471 3436; x_wconf 83' lang='lat' dir='ltr'><strong>me</strong></span> <span class='ocrx_word' id='word_1_274' title='bbox 481 3389 578 3448; x_wconf 66' lang='lat' dir='ltr'><strong>diceus,</strong></span> <span class='ocrx_word' id='word_1_275' title='bbox 594 3394 645 3438; x_wconf 90' lang='lat' dir='ltr'><strong>etc.</strong></span> <span class='ocrx_word' id='word_1_276' title='bbox 657 3388 683 3438; x_wconf 84' lang='lat' dir='ltr'><strong>S.</strong></span> <span class='ocrx_word' id='word_1_277' title='bbox 698 3387 800 3438; x_wconf 86' lang='lat' dir='ltr'><strong>llieron.</strong></span> <span class='ocrx_word' id='word_1_278' title='bbox 813 3388 944 3438; x_wconf 81' lang='lat' dir='ltr'><strong>icc&#39;Ezeclr.</strong></span> <span class='ocrx_word' id='word_1_279' title='bbox 956 3389 1051 3450; x_wconf 80' lang='lat' dir='ltr'><strong>XXXV,</strong></span> <span class='ocrx_word' id='word_1_280' title='bbox 1066 3389 1088 3439; x_wconf 91' lang='lat' dir='ltr'><strong>l.</strong></span> <span class='ocrx_word' id='word_1_281' title='bbox 1275 3391 1277 3396; x_wconf 81' lang='grc'>’</span> 
     </span>
    </p>

    <p class='ocr_par' dir='ltr' id='par_1_7' title="bbox 263 3467 1394 3616">
     <span class='ocr_line' id='line_1_32' title="bbox 295 3467 1394 3534; baseline 0.002 -17"><span class='ocrx_word' id='word_1_282' title='bbox 295 3467 392 3530; x_wconf 81' lang='lat' dir='ltr'><strong>(5)lloc</strong></span> <span class='ocrx_word' id='word_1_283' title='bbox 402 3468 457 3518; x_wconf 85' lang='lat' dir='ltr'><strong>tuse</strong></span> <span class='ocrx_word' id='word_1_284' title='bbox 472 3470 577 3531; x_wconf 89' lang='lat' dir='ltr'><strong>probant</strong></span> <span class='ocrx_word' id='word_1_285' title='bbox 595 3470 621 3520; x_wconf 87' lang='lat' dir='ltr'><strong>S.</strong></span> <span class='ocrx_word' id='word_1_286' title='bbox 635 3470 801 3531; x_wconf 78' lang='lat' dir='ltr'><strong>Augustinus,</strong></span> <span class='ocrx_word' id='word_1_287' title='bbox 817 3470 911 3532; x_wconf 80' lang='lat' dir='ltr'><strong>Quccct.</strong></span> <span class='ocrx_word' id='word_1_288' title='bbox 935 3472 970 3519; x_wconf 87' lang='lat' dir='ltr'><strong>ud</strong></span> <span class='ocrx_word' id='word_1_289' title='bbox 983 3469 1148 3534; x_wconf 76' lang='lat' dir='ltr'><strong>Simplicior.</strong></span> <span class='ocrx_word' id='word_1_290' title='bbox 1164 3469 1181 3518; x_wconf 92' lang='lat' dir='ltr'><strong>l.</strong></span> <span class='ocrx_word' id='word_1_291' title='bbox 1199 3468 1230 3518; x_wconf 89' lang='lat' dir='ltr'><strong>ll.</strong></span> <span class='ocrx_word' id='word_1_292' title='bbox 1247 3483 1272 3531; x_wconf 86' lang='lat' dir='ltr'><strong>q.</strong></span> <span class='ocrx_word' id='word_1_293' title='bbox 1289 3467 1309 3529; x_wconf 93' lang='lat' dir='ltr'><strong>l,</strong></span> <span class='ocrx_word' id='word_1_294' title='bbox 1321 3469 1346 3528; x_wconf 82' lang='lat'><strong>8,</strong></span> <span class='ocrx_word' id='word_1_295' title='bbox 1364 3476 1394 3519; x_wconf 89' lang='lat' dir='ltr'><strong>et</strong></span> 
     </span>
     <span class='ocr_line' id='line_1_33' title="bbox 263 3550 1392 3616; baseline -0.001 -14"><span class='ocrx_word' id='word_1_296' title='bbox 263 3551 289 3602; x_wconf 85' lang='lat' dir='ltr'><strong>S.</strong></span> <span class='ocrx_word' id='word_1_297' title='bbox 306 3550 420 3612; x_wconf 76' lang='lat' dir='ltr'><strong>Thorius,</strong></span> <span class='ocrx_word' id='word_1_298' title='bbox 435 3551 543 3602; x_wconf 81' lang='lat' dir='ltr'><strong>Sumocu</strong></span> <span class='ocrx_word' id='word_1_299' title='bbox 553 3552 628 3602; x_wconf 83' lang='lat' dir='ltr'><strong>theol.</strong></span> <span class='ocrx_word' id='word_1_300' title='bbox 644 3552 671 3602; x_wconf 67' lang='lat'><strong>2³</strong></span> <span class='ocrx_word' id='word_1_301' title='bbox 681 3551 744 3616; x_wconf 67' lang='lat'>2⁸11.</span> <span class='ocrx_word' id='word_1_302' title='bbox 764 3551 810 3602; x_wconf 72' lang='lat'><strong>172</strong></span> <span class='ocrx_word' id='word_1_303' title='bbox 822 3559 869 3603; x_wconf 89' lang='lat' dir='ltr'><strong>art.</strong></span> <span class='ocrx_word' id='word_1_304' title='bbox 885 3554 910 3611; x_wconf 79' lang='lat'><strong>5,</strong></span> <span class='ocrx_word' id='word_1_305' title='bbox 922 3552 966 3615; x_wconf 89' lang='lat' dir='ltr'><strong>qui</strong></span> <span class='ocrx_word' id='word_1_306' title='bbox 979 3552 1017 3603; x_wconf 89' lang='lat' dir='ltr'><strong>sic</strong></span> <span class='ocrx_word' id='word_1_307' title='bbox 1027 3552 1212 3604; x_wconf 85' lang='lat' dir='ltr'><strong>ratiocinatur:</strong></span> <span class='ocrx_word' id='word_1_308' title='bbox 1231 3550 1392 3614; x_wconf 73' lang='lat' dir='ltr'><strong>«emptura</strong></span> 
     </span>
    </p>
   </div>
   <div class='ocr_carea' id='block_1_4' title="bbox 263 3631 1552 3699">
    <p class='ocr_par' dir='ltr' id='par_1_8' title="bbox 263 3631 1552 3699">
     <span class='ocr_line' id='line_1_34' title="bbox 263 3631 1552 3699; baseline -0.002 -15"><span class='ocrx_word' id='word_1_309' title='bbox 263 3639 413 3697; x_wconf 89' lang='lat' dir='ltr'><strong>potestesse</strong></span> <span class='ocrx_word' id='word_1_310' title='bbox 430 3633 484 3684; x_wconf 84' lang='lat' dir='ltr'><strong>stne</strong></span> <span class='ocrx_word' id='word_1_311' title='bbox 498 3635 637 3685; x_wconf 89' lang='lat' dir='ltr'><strong>charitate:</strong></span> <span class='ocrx_word' id='word_1_312' title='bbox 650 3636 731 3698; x_wconf 89' lang='lat' dir='ltr'><strong>primo</strong></span> <span class='ocrx_word' id='word_1_313' title='bbox 749 3635 809 3699; x_wconf 87' lang='lat' dir='ltr'><strong>quta</strong></span> <span class='ocrx_word' id='word_1_314' title='bbox 824 3635 954 3698; x_wconf 85' lang='lat' dir='ltr'><strong>prophetia</strong></span> <span class='ocrx_word' id='word_1_315' title='bbox 972 3634 1123 3696; x_wconf 84' lang='lat' dir='ltr'><strong>pertinetnd</strong></span> <span class='ocrx_word' id='word_1_316' title='bbox 1135 3633 1303 3690; x_wconf 87' lang='lat' dir='ltr'><strong>intellectum,</strong></span> <span class='ocrx_word' id='word_1_317' title='bbox 1315 3631 1394 3694; x_wconf 75' lang='lat' dir='ltr'><strong>euius</strong></span> <span class='ocrx_word' id='word_1_318' title='bbox 1489 3680 1494 3689; x_wconf 82' lang='lat'>‚</span> <span class='ocrx_word' id='word_1_319' title='bbox 1551 3654 1552 3681; x_wconf 64' lang='lat' dir='ltr'><strong>t</strong></span> 
     </span>
    </p>
   </div>
   <div class='ocr_carea' id='block_1_5' title="bbox 261 3715 1394 4339">
    <p class='ocr_par' dir='ltr' id='par_1_9' title="bbox 261 3715 1394 4339">
     <span class='ocr_line' id='line_1_35' title="bbox 261 3715 1393 3780; baseline -0.003 -13"><span class='ocrx_word' id='word_1_320' title='bbox 261 3723 333 3767; x_wconf 80' lang='lat' dir='ltr'><strong>actus</strong></span> <span class='ocrx_word' id='word_1_321' title='bbox 345 3716 466 3779; x_wconf 71' lang='lat' dir='ltr'><strong>praecedit</strong></span> <span class='ocrx_word' id='word_1_322' title='bbox 479 3723 563 3766; x_wconf 82' lang='lat' dir='ltr'><strong>actum</strong></span> <span class='ocrx_word' id='word_1_323' title='bbox 576 3718 713 3768; x_wconf 81' lang='lat' dir='ltr'><strong>voluntatis</strong></span> <span class='ocrx_word' id='word_1_324' title='bbox 729 3731 805 3780; x_wconf 83' lang='lat' dir='ltr'><strong>quam</strong></span> <span class='ocrx_word' id='word_1_325' title='bbox 820 3716 917 3780; x_wconf 82' lang='lat' dir='ltr'><strong>perlicit</strong></span> <span class='ocrx_word' id='word_1_326' title='bbox 927 3716 1051 3775; x_wconf 85' lang='lat' dir='ltr'><strong>eharitas;</strong></span> <span class='ocrx_word' id='word_1_327' title='bbox 1063 3717 1176 3768; x_wconf 86' lang='lat' dir='ltr'><strong>secundo</strong></span> <span class='ocrx_word' id='word_1_328' title='bbox 1194 3715 1252 3778; x_wconf 83' lang='lat' dir='ltr'><strong>quia</strong></span> <span class='ocrx_word' id='word_1_329' title='bbox 1271 3715 1345 3765; x_wconf 81' lang='lat' dir='ltr'><strong>datur</strong></span> <span class='ocrx_word' id='word_1_330' title='bbox 1358 3715 1393 3764; x_wconf 89' lang='lat' dir='ltr'><strong>ad</strong></span> 
     </span>
     <span class='ocr_line' id='line_1_36' title="bbox 262 3797 1394 3863; baseline 0 -14"><span class='ocrx_word' id='word_1_331' title='bbox 262 3799 397 3850; x_wconf 80' lang='lat' dir='ltr'><strong>utilitatem</strong></span> <span class='ocrx_word' id='word_1_332' title='bbox 408 3799 527 3850; x_wconf 76' lang='lat' dir='ltr'><strong>Ecclesiae</strong></span> <span class='ocrx_word' id='word_1_333' title='bbox 536 3799 603 3850; x_wconf 91' lang='lat' dir='ltr'><strong>sicut</strong></span> <span class='ocrx_word' id='word_1_334' title='bbox 620 3799 676 3850; x_wconf 73' lang='lat' dir='ltr'><strong>aliae</strong></span> <span class='ocrx_word' id='word_1_335' title='bbox 689 3801 777 3863; x_wconf 76' lang='lat' dir='ltr'><strong>gratiae</strong></span> <span class='ocrx_word' id='word_1_336' title='bbox 789 3799 868 3862; x_wconf 84' lang='lat' dir='ltr'><strong>gratis</strong></span> <span class='ocrx_word' id='word_1_337' title='bbox 881 3801 954 3860; x_wconf 81' lang='lat' dir='ltr'><strong>datae,</strong></span> <span class='ocrx_word' id='word_1_338' title='bbox 971 3813 1021 3849; x_wconf 89' lang='lat' dir='ltr'><strong>uon</strong></span> <span class='ocrx_word' id='word_1_339' title='bbox 1035 3805 1119 3850; x_wconf 83' lang='lat' dir='ltr'><strong>autern</strong></span> <span class='ocrx_word' id='word_1_340' title='bbox 1135 3800 1166 3849; x_wconf 84' lang='lat' dir='ltr'><strong>ad</strong></span> <span class='ocrx_word' id='word_1_341' title='bbox 1181 3799 1228 3848; x_wconf 90' lang='lat' dir='ltr'><strong>hoc</strong></span> <span class='ocrx_word' id='word_1_342' title='bbox 1242 3804 1271 3848; x_wconf 89' lang='lat' dir='ltr'><strong>ut</strong></span> <span class='ocrx_word' id='word_1_343' title='bbox 1285 3797 1394 3849; x_wconf 83' lang='lat' dir='ltr'><strong>affectus</strong></span> 
     </span>
     <span class='ocr_line' id='line_1_37' title="bbox 262 3877 1394 3947; baseline -0.004 -14"><span class='ocrx_word' id='word_1_344' title='bbox 262 3880 341 3943; x_wconf 84' lang='lat' dir='ltr'><strong>ipsius</strong></span> <span class='ocrx_word' id='word_1_345' title='bbox 357 3881 489 3943; x_wconf 79' lang='lat' dir='ltr'><strong>Prophetae</strong></span> <span class='ocrx_word' id='word_1_346' title='bbox 502 3880 671 3947; x_wconf 72' lang='lat' dir='ltr'><strong>coniungatur</strong></span> <span class='ocrx_word' id='word_1_347' title='bbox 693 3882 753 3932; x_wconf 80' lang='lat' dir='ltr'><strong>lieo.</strong></span> <span class='ocrx_word' id='word_1_348' title='bbox 771 3882 803 3932; x_wconf 86' lang='lat' dir='ltr'><strong>Et</strong></span> <span class='ocrx_word' id='word_1_349' title='bbox 817 3881 874 3931; x_wconf 88' lang='lat' dir='ltr'><strong>ideo</strong></span> <span class='ocrx_word' id='word_1_350' title='bbox 898 3881 1029 3944; x_wconf 88' lang='lat' dir='ltr'><strong>prophetia</strong></span> <span class='ocrx_word' id='word_1_351' title='bbox 1039 3887 1126 3944; x_wconf 86' lang='lat' dir='ltr'><strong>potest</strong></span> <span class='ocrx_word' id='word_1_352' title='bbox 1142 3893 1195 3930; x_wconf 76' lang='lat' dir='ltr'><strong>esse</strong></span> <span class='ocrx_word' id='word_1_353' title='bbox 1209 3880 1264 3930; x_wconf 89' lang='lat' dir='ltr'><strong>sine</strong></span> <span class='ocrx_word' id='word_1_354' title='bbox 1278 3877 1394 3929; x_wconf 80' lang='lat' dir='ltr'><strong>bonitate</strong></span> 
     </span>
     <span class='ocr_line' id='line_1_38' title="bbox 262 3959 1393 4027; baseline -0.004 -12"><span class='ocrx_word' id='word_1_355' title='bbox 262 3974 361 4015; x_wconf 79' lang='lat' dir='ltr'><strong>cnorum</strong></span> <span class='ocrx_word' id='word_1_356' title='bbox 384 3971 506 4027; x_wconf 88' lang='lat' dir='ltr'><strong>quantum</strong></span> <span class='ocrx_word' id='word_1_357' title='bbox 524 3964 556 4014; x_wconf 89' lang='lat' dir='ltr'><strong>ad</strong></span> <span class='ocrx_word' id='word_1_358' title='bbox 573 3963 700 4025; x_wconf 88' lang='lat' dir='ltr'><strong>propriam</strong></span> <span class='ocrx_word' id='word_1_359' title='bbox 717 3963 833 4014; x_wconf 87' lang='lat' dir='ltr'><strong>radicem.</strong></span> <span class='ocrx_word' id='word_1_360' title='bbox 847 3963 923 4026; x_wconf 74' lang='lat' dir='ltr'><strong>huius</strong></span> <span class='ocrx_word' id='word_1_361' title='bbox 939 3964 1067 4014; x_wconf 83' lang='lat' dir='ltr'><strong>honitatis.</strong></span> <span class='ocrx_word' id='word_1_362' title='bbox 1089 3962 1278 4013; x_wconf 82' lang='lat' dir='ltr'><strong>Potesttamen</strong></span> <span class='ocrx_word' id='word_1_363' title='bbox 1296 3959 1393 4023; x_wconf 81' lang='lat' dir='ltr'><strong>aliquis</strong></span> 
     </span>
     <span class='ocr_line' id='line_1_39' title="bbox 261 4041 1392 4108; baseline 0.001 -16"><span class='ocrx_word' id='word_1_364' title='bbox 261 4044 361 4095; x_wconf 84' lang='lat' dir='ltr'><strong>aliunde</strong></span> <span class='ocrx_word' id='word_1_365' title='bbox 380 4058 395 4095; x_wconf 92' lang='lat' dir='ltr'><strong>a</strong></span> <span class='ocrx_word' id='word_1_366' title='bbox 417 4046 546 4108; x_wconf 82' lang='lat' dir='ltr'><strong>prophetia</strong></span> <span class='ocrx_word' id='word_1_367' title='bbox 571 4044 689 4106; x_wconf 87' lang='lat' dir='ltr'><strong>impediri</strong></span> <span class='ocrx_word' id='word_1_368' title='bbox 707 4051 810 4108; x_wconf 89' lang='lat' dir='ltr'><strong>propter</strong></span> <span class='ocrx_word' id='word_1_369' title='bbox 829 4058 928 4095; x_wconf 90' lang='lat' dir='ltr'><strong>morum</strong></span> <span class='ocrx_word' id='word_1_370' title='bbox 945 4045 1064 4095; x_wconf 86' lang='lat' dir='ltr'><strong>malitiam</strong></span> <span class='ocrx_word' id='word_1_371' title='bbox 1082 4059 1089 4106; x_wconf 84' lang='lat'><em>3</em></span> <span class='ocrx_word' id='word_1_372' title='bbox 1108 4044 1213 4095; x_wconf 79' lang='lat' dir='ltr'><strong>named</strong></span> <span class='ocrx_word' id='word_1_373' title='bbox 1231 4041 1392 4105; x_wconf 84' lang='lat' dir='ltr'><strong>prophetiam</strong></span> 
     </span>
     <span class='ocr_line' id='line_1_40' title="bbox 262 4118 1392 4190; baseline 0.001 -15"><span class='ocrx_word' id='word_1_374' title='bbox 262 4126 402 4189; x_wconf 84' lang='lat' dir='ltr'><strong>requiritur</strong></span> <span class='ocrx_word' id='word_1_375' title='bbox 428 4128 534 4177; x_wconf 87' lang='lat' dir='ltr'><strong>maxima</strong></span> <span class='ocrx_word' id='word_1_376' title='bbox 560 4118 653 4177; x_wconf 88' lang='lat' dir='ltr'><strong>mentis</strong></span> <span class='ocrx_word' id='word_1_377' title='bbox 678 4129 786 4178; x_wconf 83' lang='lat' dir='ltr'><strong>elevatio</strong></span> <span class='ocrx_word' id='word_1_378' title='bbox 809 4128 839 4178; x_wconf 84' lang='lat' dir='ltr'><strong>nd</strong></span> <span class='ocrx_word' id='word_1_379' title='bbox 865 4126 1034 4190; x_wconf 86' lang='lat' dir='ltr'><strong>spiritualium</strong></span> <span class='ocrx_word' id='word_1_380' title='bbox 1053 4127 1392 4190; x_wconf 68' lang='lat' dir='ltr'><strong>contemplationemque</strong></span> 
     </span>
     <span class='ocr_line' id='line_1_41' title="bbox 262 4195 1392 4273; baseline -0.001 -16"><span class='ocrx_word' id='word_1_381' title='bbox 262 4208 365 4270; x_wconf 88' lang='lat' dir='ltr'><strong>quidem</strong></span> <span class='ocrx_word' id='word_1_382' title='bbox 385 4209 522 4271; x_wconf 86' lang='lat' dir='ltr'><strong>impeditur</strong></span> <span class='ocrx_word' id='word_1_383' title='bbox 532 4221 578 4271; x_wconf 87' lang='lat' dir='ltr'><strong>per</strong></span> <span class='ocrx_word' id='word_1_384' title='bbox 599 4209 785 4260; x_wconf 83' lang='lat' dir='ltr'><strong>vehementiam</strong></span> <span class='ocrx_word' id='word_1_385' title='bbox 802 4208 946 4271; x_wconf 85' lang='lat' dir='ltr'><strong>passionum</strong></span> <span class='ocrx_word' id='word_1_386' title='bbox 962 4216 989 4259; x_wconf 92' lang='lat' dir='ltr'><strong>et</strong></span> <span class='ocrx_word' id='word_1_387' title='bbox 1002 4222 1048 4273; x_wconf 90' lang='lat' dir='ltr'><strong>per</strong></span> <span class='ocrx_word' id='word_1_388' title='bbox 1063 4208 1230 4261; x_wconf 88' lang='lat' dir='ltr'><strong>inordinatam</strong></span> <span class='ocrx_word' id='word_1_389' title='bbox 1245 4195 1392 4269; x_wconf 86' lang='lat' dir='ltr'><strong>occupatio-</strong></span> 
     </span>
     <span class='ocr_line' id='line_1_42' title="bbox 264 4281 1350 4339; baseline 0 -2"><span class='ocrx_word' id='word_1_390' title='bbox 264 4300 320 4337; x_wconf 90' lang='lat' dir='ltr'><strong>nem</strong></span> <span class='ocrx_word' id='word_1_391' title='bbox 336 4300 420 4337; x_wconf 87' lang='lat' dir='ltr'><strong>rerum</strong></span> <span class='ocrx_word' id='word_1_392' title='bbox 437 4294 607 4339; x_wconf 82' lang='lat' dir='ltr'><strong>externarum.</strong></span> <span class='ocrx_word' id='word_1_393' title='bbox 623 4307 634 4337; x_wconf 78' lang='lat' dir='ltr'><strong>u</strong></span> <span class='ocrx_word' id='word_1_394' title='bbox 1172 4310 1174 4317; x_wconf 44' lang='lat' dir='ltr'>v</span> <span class='ocrx_word' id='word_1_395' title='bbox 1347 4281 1350 4286; x_wconf 81' lang='grc'><strong>’</strong></span> 
     </span>
    </p>
   </div>
   <div class='ocr_carea' id='block_1_6' title="bbox 0 0 1570 4964">
    <p class='ocr_par' dir='ltr' id='par_1_10' title="bbox 0 0 1570 4964">
     <span class='ocr_line' id='line_1_43' title="bbox 0 0 1570 4964; baseline 0 4"><span class='ocrx_word' id='word_1_396' title='bbox 0 0 1570 4964; x_wconf 95' lang='lat' dir='ltr'><strong> </strong></span> 
     </span>
    </p>
   </div>
  </div>
 </body>
</html>
