3168 4948
329 300 403 343 rans
415 300 452 343 u.
465 300 558 343 carun
571 300 619 344 111.
634 300 673 343 on
685 298 808 343 oararsn
823 297 858 340 m
871 297 1029 341 aucronrr.
1044 298 1088 342 rr.
1102 299 1219 343 avanae
1279 280 1337 344 etl

218 397 298 489 qnid
316 400 388 464 falsi
405 400 462 483 eis,
482 418 553 486 qna
570 397 727 484 audierat,
742 397 908 484 affingeret
926 397 986 483 (1).
1003 398 1119 482 lucas,
1135 396 1227 463 Pauli
1241 396 1341 464 disei-

217 506 315 592 pulus
329 513 360 570 et
379 522 498 588 comes,
516 520 552 568 ea
571 504 723 586 narravit,
742 520 879 588 quorum
896 502 962 586 ipse
980 501 1145 565 veritatem
1166 503 1282 586 parlim
1303 524 1341 567 ex

144 677 150 696 Ι
218 608 428 674 contubernio
445 607 550 691 Pauli,
565 607 682 692 partim
698 628 737 670 ex
752 606 951 690 reliquorum
968 604 1195 689 Apostolorum
1217 624 1343 671 sormo-

218 712 312 778 nibus
342 711 504 776 hauserat.
533 706 619 775 Illud
639 710 750 775 asserit
771 711 872 774 Lucas
896 730 904 771 ι
928 709 1012 772 Siout
1035 708 1224 773 tradiderunt
1246 710 1341 784 nohis,

218 814 322 900 inquit
343 813 405 901 (2),
426 815 482 899 poi
499 812 537 876 ab
563 814 650 879 initio
677 815 740 898 ipsi
761 812 901 876 admont
919 821 947 874 et
967 812 1104 874 ministri
1125 811 1251 896 tonum
1272 834 1342 878 ser-

218 920 328 983 monis.
1223 993 1225 998 Ι

262 1020 295 1083 6.
309 1018 376 1083 Nec
390 1015 476 1083 dicat
491 1018 562 1104 quis
577 1013 794 1103 Evangellstas
812 1018 898 1082 viros
918 1017 1015 1083 luisse
1035 1017 1142 1104 rudes,
1164 1020 1338 1103 illiteratos,

217 1121 358 1205 ignaros,
382 1111 552 1202 credulos,
577 1119 671 1183 facile
693 1116 923 1203 decipiendos,
948 1120 1028 1204 qui,
1055 1120 1136 1185 falsa
1160 1140 1258 1206 quam
1282 1119 1341 1184 sibi

219 1224 465 1289 efformuverant
477 1223 595 1286 Messiae
610 1220 683 1287 idea
699 1220 813 1304 delusi,
827 1220 939 1287 Christi
955 1223 1095 1287 actiones
1108 1243 1196 1286 mere
1210 1232 1341 1287 natura-

218 1330 276 1413 les,
294 1328 381 1393 bona
397 1336 505 1391 umen
521 1326 597 1409 fido,
614 1327 647 1390 in
661 1325 816 1390 miracula
836 1324 1111 1410 transfiguramus.
1225 1344 1228 1350 ⁴

262 1430 294 1493 7.
312 1429 531 1514 Evangelista,
547 1429 633 1492 Luca
649 1427 757 1491 forsan
770 1435 914 1512 excepto,
931 1437 1070 1512 agrestes
1085 1428 1214 1492 fuerunt
1232 1436 1262 1491 et
1278 1427 1342 1490 illi-

217 1532 321 1616 terati,
336 1531 404 1616 sed,
420 1551 538 1618 quaeso,
555 1553 597 1598 an
613 1532 687 1596 caeci
699 1531 830 1595 fuerunt
842 1539 897 1594 unt
910 1529 1021 1594 surdi?
1032 1530 1083 1594 An
1094 1552 1159 1595 non
1170 1538 1343 1616 potuerunt

188 1672 192 1681 ·
219 1633 362 1698 sensibus
375 1655 465 1720 aeque
476 1635 521 1698 uti
535 1654 573 1698 ac
584 1634 644 1698 viri
656 1633 780 1698 nobiles
793 1643 824 1697 et
835 1631 944 1698 docti?
959 1632 1009 1696 An
1023 1654 1150 1698 necesse
1163 1643 1210 1698 est
1222 1634 1343 1697 litteras

211 1737 311 1821 scire,
327 1745 383 1800 aut
396 1734 632 1823 philosophiam
652 1734 798 1801 didicisse
811 1744 846 1799 ut
858 1737 928 1822 quis
943 1736 1041 1820 possit
1056 1735 1164 1800 testari
1178 1758 1210 1801 se
1226 1735 1341 1800 vidisse

219 1838 377 1903 Christum
400 1838 543 1903 infirmos
567 1847 745 1922 sanantem,
771 1836 893 1902 claudis
916 1859 1074 1923 gressum,
1099 1839 1189 1903 caecis
1212 1839 1340 1922 visum,

220 1940 322 2006 surdis
345 1940 502 2026 auditum,
525 1943 657 2027 leprosis
679 1940 884 2024 munditiem,
911 1938 1110 2024 reddentem,
1133 1963 1229 2026 supra
1251 1963 1342 2004 mare

219 2044 438 2109 ambulantem
451 2054 506 2109 aut
519 2044 551 2108 in
565 2066 659 2109 cruce
671 2046 769 2109 vitam
783 2042 992 2107 fundentem?
1008 2043 1119 2107 Nonne
1137 2043 1243 2128 plebei
1259 2045 1342 2107 sanis

220 2149 319 2212 oculis
335 2156 366 2211 et
383 2149 513 2213 auribus
530 2146 652 2234 praediti
666 2157 742 2213 ,sunt
766 2168 856 2232 arque
874 2167 913 2210 ac
936 2145 1146 2230 philosophi?
1164 2145 1227 2210 Sed
1246 2146 1343 2212 audio

220 2250 418 2316 adversarios
431 2252 578 2336 excipere
591 2260 702 2315 contra
714 2249 929 2334 Evangelistas
943 2251 1018 2335 quia
1031 2259 1163 2313 narrant
1173 2250 1339 2314 miracula.

221 2354 262 2417 At
280 2350 491 2418 necessariam
510 2354 657 2418 omittunt
673 2350 917 2418 distinctionem.
937 2352 974 2414 ln
986 2352 1141 2416 miraculo
1162 2351 1226 2416 duo
1241 2352 1343 2438 probe

218 2454 442 2543 distinguenda
461 2466 557 2521 sunt:
576 2459 734 2521 existentia
749 2456 826 2542 sacti
845 2465 876 2519 et
889 2456 1041 2541 judicium
1061 2455 1101 2520 de
1121 2466 1235 2521 natura
1252 2457 1341 2540 facti,

217 2556 308 2625 conso
320 2559 561 2646 supernaturalis
580 2559 711 2625 effectus
726 2556 874 2644 producti
892 2567 924 2622 et
942 2560 1006 2642 ipse
1023 2559 1153 2644 effectos.
1171 2560 1272 2624 Porro
1289 2557 1343 2624 hic

218 2663 322 2747 agitur
338 2660 379 2725 de
398 2663 555 2725 existentio
573 2662 661 2746 facti,
681 2683 723 2726 an
741 2662 868 2726 realiter
888 2661 1053 2747 contigerit
1070 2672 1164 2746 prout
1180 2674 1339 2727 narratur.

217 2764 288 2826 Non
311 2763 463 2848 quaeritur
485 2784 526 2826 an
549 2763 756 2849 Evangelistae
779 2762 859 2828 illud
877 2764 1117 2846 supernaturale
1137 2774 1193 2827 ant
1211 2766 1342 2849 portcn-

219 2874 321 2929 tosum
340 2862 569 2950 judicaverint.
596 2865 755 2947 Quaeritur
774 2864 940 2929 dumtaxat
963 2888 1004 2929 an
1032 2866 1238 2950 Evangelistae
1261 2869 1342 2931 scire

218 2989 257 3032 ac
280 2967 400 3030 referre
423 2967 583 3050 potuerint
605 2967 727 3032 factum
743 2968 847 3052 ipsum
867 2976 1046 3049 externum,
1069 2967 1228 3051 sensibile,
1247 2972 1343 3053 prout

218 3068 332 3134 accidit
347 3090 421 3133 cum
434 3067 582 3158 omnibus
598 3070 661 3133 suis
679 3069 939 3152 circumstantiis;
955 3068 1044 3133 verbi
1056 3070 1169 3153 gratia,
1189 3092 1231 3134 an
1246 3070 1341 3134 Joan·

218 3194 274 3235 nes
297 3166 387 3236 nosse
411 3172 550 3255 potuerit
571 3172 680 3236 Jesurn
702 3172 860 3236 Christum
888 3173 990 3235 visum
1017 3170 1191 3236 reddidisse
1216 3193 1342 3237 caecoa

218 3275 393 3357 nativitate,
416 3296 458 3338 an
479 3273 637 3339 audiverit
661 3273 833 3359 discipulos
856 3271 897 3338 de
918 3296 1013 3338 causa
1038 3274 1183 3338 caecitatis
1202 3276 1342 3340 interro-

216 3386 338 3461 gantes,
361 3398 402 3440 an
425 3374 540 3440 viderit
562 3377 673 3440 Jesum
694 3377 798 3439 lutum
818 3397 857 3439 ex
877 3384 968 3460 sputo
987 3375 1110 3457 fecisse,
1130 3385 1161 3439 et
1183 3376 1248 3439 luto
1265 3374 1342 3440 lini-

218 3479 298 3543 visse
331 3481 439 3543 oculos
464 3479 564 3560 caeci,
592 3499 711 3544 caecum
731 3487 868 3562 antem,
902 3486 1071 3563 postquam
1105 3479 1231 3543 lavisset
1253 3501 1285 3543 se
1310 3480 1342 3544 in

218 3582 373 3646 natatoria
392 3582 490 3661 Siloa,
506 3592 599 3667 prout
610 3581 746 3668 jusserat
763 3581 865 3662 lesus,
884 3581 1006 3644 venisse
1022 3579 1206 3645 videntem?
1221 3583 1343 3647 Potue-

219 3686 300 3748 ritne
321 3682 407 3749 cerlo
431 3685 512 3748 scire
528 3684 691 3771 quomodo
709 3685 803 3748 vicini
824 3692 854 3747 et
871 3683 1016 3768 pharisaei
1036 3683 1078 3747 ab
1098 3685 1166 3768 ipso
1185 3705 1267 3747 caeco
1283 3706 1343 3748 au-

219 3783 335 3849 dierint
359 3787 556 3850 sanationem
580 3784 675 3871 ejus,
702 3783 863 3872 quomodo
887 3795 1034 3869 parentes
1057 3784 1126 3870 ejus
1149 3786 1249 3849 testati
1271 3795 1344 3849 sunt

220 3908 328 3951 coram
352 3886 470 3952 Judaeis
493 3910 578 3970 eum,
604 3890 659 3975 qui
683 3909 784 3968 caecus
805 3894 897 3951 natus
920 3886 1343 3973 erat,postoavidisse?1lt

117 4012 126 4029 ·
219 3991 288 4056 baec
322 3999 353 4054 el
388 3991 502 4055 similia
527 4002 755 4076 cognoscerent
777 3993 983 4077 Evangelistae
996 4041 1006 4074 ,
1033 3991 1146 4056 sufficit
1168 4002 1203 4056 ut
1225 3992 1344 4056 fuerint

254 4255 289 4317 (ll
300 4254 362 4305 Vide
373 4253 475 4316 Papiam
487 4266 562 4318 supra
574 4267 599 4318 p.
612 4253 671 4305 251.

254 4333 290 4402 (ἓ)
304 4336 366 4388 Luc.
377 4333 397 4398 l,
410 4336 434 4385 l.
