3168 4948
272 294 336 358 554
425 361 429 367 ,
501 318 702 360 taraouucrro
718 318 866 360 suscianus
881 319 915 360 ut
930 319 956 362 s.
975 319 1177 366 scararuaau.

316 377 480 523 P.[Lucus,
506 429 622 501 tempus
643 430 671 481 et
690 439 781 481 causo
802 417 953 481 scribendi
972 400 1157 504 Epistulam.
1194 424 1299 488 Paulo
1338 393 1422 511 pust

272 538 371 602 quam
393 519 615 604 Philippenses
638 541 711 584 suus
734 518 874 584 secunda
898 522 967 585 viee
1006 523 1166 588 revisisset
1201 527 1420 611 Apostolus,

64 608 217 762 aas&
272 618 527 705 Hierosolymam
545 622 708 706 proieetus
724 630 788 703 est,
805 622 881 685 hine
899 641 974 686 vero
989 644 1008 686 a
1024 623 1110 689 Juliu
1127 629 1317 693 centurione
1331 630 1423 694 vin-

271 730 340 786 etus
355 723 494 787 Romam
509 722 665 788 deductus
678 734 724 788 est
736 723 846 809 ibique
862 724 895 787 in
907 745 1071 790 carcerem
1085 728 1261 814 conjectus.
1292 733 1424 817 ltaque

75 896 79 915 K
128 870 163 911 3,
199 792 491 915 ffPhilippenses
508 848 582 892 cum
600 828 798 912 accepissent
817 827 965 910 Paulum,
989 850 1087 914 quem
1104 831 1263 916 imprimis
1285 831 1422 918 dilige-

61 918 98 1029 ,ἐ
128 924 154 999 33
181 978 197 1003 ›.
208 962 224 1021 ξ
270 927 360 1012 hant,
379 930 491 994 Romae
508 931 671 1017 captivum
690 930 838 1011 detineri,
859 930 1113 1016 Epaphroditum
1126 956 1201 999 eum
1216 937 1423 1020 pecuniario

73 1032 86 1055 ““
126 1023 215 1200 lp<
269 1029 412 1095 subsidio
424 1030 466 1096 ad
475 1054 550 1096 eam
560 1033 801 1118 ablegaverant.
817 1034 863 1096 Ex
875 1033 1094 1118 Epaphrodito
1107 1046 1216 1100 autem
1229 1039 1421 1122 Apostolus

74 1116 84 1129 „
172 1096 222 1253 ἦ
268 1143 346 1198 tune
363 1132 521 1218 didicerit,
554 1136 585 1199 iu
614 1137 799 1199 universum
824 1134 956 1221 quidem
979 1139 1199 1224 maximopere
1221 1139 1421 1205 laudandos
1509 1189 1513 1195 -

136 1248 147 1293 't
269 1259 337 1301 esse
355 1239 576 1324 Philippenses
592 1238 635 1303 uh
656 1240 754 1303 vitam
770 1259 882 1303 eorrrm
906 1238 989 1302 hene
1005 1240 1231 1325 christianam3
1258 1252 1416 1307 attamen

269 1360 334 1402 nun
347 1338 457 1405 deesse
474 1343 557 1405 inter
572 1363 626 1406 eus
642 1343 696 1427 qui
710 1340 859 1426 superbia
872 1340 1273 1429 intumescerent,iudeqne
1290 1355 1414 1410 natam

269 1440 365 1505 luisse
389 1443 443 1506 hic
477 1443 542 1508 illie
566 1443 742 1530 quamdam
769 1443 951 1507 animomm
975 1443 1180 1510 discordiam.
1206 1447 1258 1511 Ab
1283 1447 1412 1512 eodem

197 1586 232 1649 ι,
269 1553 425 1627 praeterea
449 1544 580 1609 edoctus
605 1547 711 1629 fuerit,
738 1544 917 1611 monendus
939 1568 1007 1610 esse
1030 1547 1261 1634 Philippenses,
1288 1561 1323 1614 nt
1338 1552 1408 1617 sibi

116 1712 125 1731 X
195 1722 211 1745 w
268 1655 419 1708 caverent
437 1667 456 1709 a
474 1648 567 1710 certis
584 1646 778 1734 quibusdam
795 1646 980 1712 ductoribus
991 1646 1240 1733 judaizantibus.
1261 1652 1347 1736 Ergo
1365 1661 1409 1716 ut

128 1728 152 1755 ψ
162 1790 174 1837 «Ὶ
184 1750 201 1833 ,J
215 1804 238 1843 „h
267 1747 330 1810 hoe
343 1749 522 1832 perieulum
539 1748 726 1835 depelleret,
745 1759 776 1814 et
791 1750 837 1812 illi
850 1750 937 1813 malo
951 1748 1146 1833 mederetur,
1164 1752 1338 1837 Apostolus
1353 1753 1403 1818 ad

177 1836 192 1853 “
266 1849 464 1935 Philipenses
477 1873 567 1916 suam
581 1851 659 1917 dare
673 1853 810 1916 vuluerit
825 1852 1074 1917 exhortatoriam
1090 1854 1277 1938 Epistulam,
1296 1877 1402 1941 quam

265 1953 395 2018 allerret
412 1954 660 2040 Epaphroditus,
671 1953 810 2041 jamjam
823 1955 990 2040 Philippos
1000 1977 1185 2021 reversurus
1197 1941 1274 2048 (lm

308 2057 341 2121 ὅ.
361 2056 456 2138 Quod
473 2059 542 2122 haec
558 2057 711 2143 Epistola,
728 2056 865 2121 durante
892 2058 997 2141 prima
1019 2059 1110 2122 Pauli
1126 2059 1308 2144 captivitate
1338 2083 1401 2125 re-

265 2180 374 2244 maua,
400 2161 517 2246 scripta
541 2162 638 2226 fuerit
660 2161 800 2247 plurima
824 2158 1054 2225 demonstrant.
1081 2162 1204 2224 Etenim
1222 2160 1402 2245 Apostolus

264 2264 385 2347 pluries
414 2265 610 2329 mentionem
646 2264 724 2327 lacit
746 2284 878 2328 suorum
902 2263 1104 2327 vinculorum
1128 2263 1168 2348 (l,
1195 2263 1228 2347 7)
1253 2272 1284 2327 et
1308 2284 1399 2349 prae-

263 2367 335 2429 terii
348 2367 388 2452 (l,
405 2366 472 2451 ll),
488 2375 519 2430 et
534 2368 650 2431 salutat
662 2367 883 2450 Philippenses
897 2366 1025 2429 numine
1042 2367 1185 2430 emnium
1198 2365 1393 2432 Sanctorum.

264 2468 319 2552 qui
332 2466 373 2531 de
388 2468 517 2533 Caesaris
531 2468 628 2533 dumo
641 2478 714 2533 sunt
726 2469 796 2554 (IV,
812 2468 879 2552 Ὦ).
896 2466 924 2530 Λ
937 2468 1041 2532 Roma
1054 2468 1206 2551 scriptam
1218 2467 1397 2551 Epistulam

241 2577 418 2633 xtestantur
443 2571 474 2634 iu
504 2569 788 2656 subscriptionibus
809 2569 935 2635 codices
955 2569 1016 2633 Β**
1035 2571 1103 2653 KL,
1119 2570 1222 2633 versio
1242 2568 1340 2653 Vulg.
1362 2569 1397 2643 iu

263 2669 375 2754 codd,
397 2672 501 2735 versio
513 2673 647 2757 syriaca,
664 2681 801 2758 utraque
819 2673 955 2756 cuptiea,
969 2670 1010 2747 8,
1020 2670 1272 2757 Chrysostomus,
1287 2667 1395 2733 Atha-

262 2773 370 2837 nasius
395 2774 427 2837 in
451 2774 597 2860 Synopsi,
619 2773 837 2839 Theuduretus
856 2783 888 2836 et
908 2773 1083 2837 Euthalius.
1106 2772 1263 2857 Scriptum
1282 2781 1394 2836 autem

158 2930 161 2935 .
262 2875 360 2940 luisse
375 2877 407 2941 in
420 2877 581 2963 prioribus
592 2878 683 2943 Pauli
697 2878 832 2943 vinculis
845 2876 1003 2961 colligitur
1014 2898 1052 2939 cx
1066 2897 1104 2940 eu
1119 2872 1205 2960 quod
1220 2874 1395 2959 Apostolus

261 2979 467 3044 scribit'scire
486 3002 520 3044 se
536 3002 575 3045 ex
592 2981 774 3066 captivitate
793 2977 1009 3057 liberandum,
1031 2988 1061 3042 et
1089 2996 1335 3061 permansurum
1358 2997 1394 3039 se

261 3080 303 3145 ad
322 3082 575 3168 Philippensium
594 3084 787 3169 proiectum.
808 3082 892 3145 Hine
904 3088 991 3166 patet
1011 3080 1164 3144 erravisse
1180 3076 1346 3142 OEdcrum
1361 3087 1395 3141 et

260 3182 397 3246 Paulum
418 3182 737 3270 Heidelbergensem,
760 3201 899 3269 quorum
915 3182 967 3245 hie
982 3180 1143 3263 Cesarea,
1162 3179 1215 3241 ille
1235 3199 1312 3244 veru
1324 3179 1393 3243 Co-

260 3285 357 3348 rinthi
371 3286 545 3369 Epistulam
560 3287 645 3352 hane
658 3287 871 3370 conscriptam
886 3284 981 3347 fuisse
997 3283 1117 3369 opinati
1130 3291 1213 3345 suut.

261 3382 263 3385 ¹
303 3388 336 3450 4.
358 3390 580 3472 Arpumeutum
597 3391 640 3456 ita
657 3391 786 3475 exponit
803 3389 853 3452 lll.
871 3389 913 3452 D..
932 3388 1062 3451 Beelen.
1085 3385 1248 3450 Praemissa
1265 3386 1391 3450 saluta-

242 3484 358 3579 j'tione,
376 3488 604 3578 deelaratoque
620 3515 676 3557 suo
694 3514 770 3578 erga
785 3492 1007 3577 Philippenses
1023 3510 1145 3568 amore,
1163 3486 1292 3552 eosdem
1305 3486 1391 3552 edu·-

261 3601 323 3677 eet,
341 3593 470 3658 vincula
486 3616 543 3658 sua
556 3595 784 3680 promovendae
796 3595 842 3659 rei
856 3594 1048 3679 evangelicae
1068 3589 1200 3656 mirifice
1215 3590 1387 3675 profuisse.

260 3694 384 3759 Deinde
394 3696 553 3782 siguificat
565 3708 652 3763 certo
668 3721 701 3762 se
717 3720 859 3785 sperare,
877 3697 947 3761 sure
965 3704 999 3760 ut
1014 3694 1104 3760 brevi
1121 3716 1160 3758 ex
1175 3694 1238 3758 suis
1254 3694 1391 3758 vinculis

260 3797 425 3882 liberetur,
449 3781 568 3887 eosque
590 3803 726 3866 invisere
750 3802 858 3887 possit.
879 3800 960 3864 Tum
977 3798 1060 3863 flexa
1076 3797 1117 3864 ad
1136 3797 1389 3869 cohortationem
1480 3840 1484 3849 ‚
1568 3846 1569 3855 ,

261 3903 416 3987 eratione,
433 3902 563 3968 eosdem
580 3925 655 3970 eum
671 3903 713 3968 ad
728 3905 808 3968 alias
822 3905 953 3985 vitutus,
971 3912 1039 3966 tum
1066 3901 1221 3987 imprimis
1240 3897 1283 3963 ad
1306 3921 1391 3964 con-

261 4002 405 4067 cordiam
418 4005 581 4091 animique
594 4004 796 4087 modestiam,
812 4005 904 4068 euixe
915 4001 1105 4067 adhortatur
1117 4001 1278 4087 proposito
1291 4000 1390 4064 etiam

259 4110 407 4193 exemplo
422 4108 498 4172 lesu
516 4109 642 4195 Christi,
665 4106 756 4196 eujus
772 4116 803 4172 et
819 4107 1033 4173 humilitatem
1049 4115 1081 4171 et
1093 4104 1295 4171 subsecutam
1310 4103 1389 4190 glo-

292 4349 327 4416 (t)
342 4351 378 4403 lta
391 4352 429 4403 ΙΙΙ.
440 4353 467 4405 u
484 4354 584 4416 Beeleu,
596 4354 739 4422 Prolepum.
747 4325 777 4404 ln
785 4353 869 4421 Epist.
882 4353 918 4404 ed
931 4351 1045 4422 Philipp.
1126 4312 1128 4317 Ι
