3132 4964
241 254 308 366 2⁴46
343 312 366 368 5,
425 276 670 375 &arsennaria
687 279 778 341 aruc,
821 283 884 325 sm
900 285 926 327 s.
945 286 1010 330 scau
1030 289 1110 356 ruap

246 308 438 481 Didiplibpt
461 373 755 473 duodecim-mima
805 404 815 443 .·
829 331 931 467 lisia,
946 337 1014 482 ᾖ(

244 444 354 559 addas,
370 435 529 560 ldichsiii]
571 445 691 543 affl
726 503 744 545 a
789 451 861 568 did,
877 405 984 572 ddfihd
1009 513 1066 574 ras,
1110 471 1227 580 ἔξω,
1241 479 1306 565 .ch
1331 521 1373 566 a·-

243 499 568 676 rias(etlhldlidhias.
593 563 662 646 Miri
677 605 724 647 res
747 595 854 650 autem
874 587 946 654 ideo
968 603 1121 660 vocantur
1145 599 1232 684 quod
1258 610 1371 668 cortens

246 671 367 766 spppita'
379 681 527 746 breviora
545 693 628 765 suut,
646 705 710 748 non
727 686 815 771 quod
827 689 933 755 minor
944 693 983 756 sit
996 702 1295 779 aommnppptoritas
1306 670 1410 818 3ss

245 783 478 869 Septemdecim
502 785 536 848 hi
560 785 727 871 Prophetae
750 790 927 858 floruerunt
962 806 1176 867 trecentorum
1209 827 1369 872 annorum

242 889 355 972 spatio,
381 886 468 972 quod
492 887 535 952 ab
553 888 648 971 Osca,
672 912 748 977 roge
770 892 867 979 luda,
892 917 994 983 usque
1023 901 1065 967 ad
1089 906 1366 976 reaedificationem

218 1079 220 1085 Ι
241 990 351 1074 templi
367 999 398 1053 et
410 990 498 1054 urbis
510 991 715 1076 lerosolymae
727 993 858 1061 effluxit.

258 1093 337 1155 2²20.
364 1092 520 1157 Vaticinia
544 1093 790 1181 Prophetarum,
810 1105 983 1184 pracsertim
1000 1108 1146 1175 Jeremiae
1162 1122 1196 1177 et
1211 1115 1366 1182 Ezechie-

193 1196 198 1202 ’
241 1194 289 1274 lis,
309 1216 373 1258 non
391 1204 465 1258 ¹sunt
483 1193 633 1279 disposita
645 1196 738 1282 juxta
758 1203 873 1267 seriem
891 1215 1084 1293 temporum.
1107 1215 1176 1282 Hoc
1196 1222 1366 1302 provenire

240 1305 361 1379 potest,
387 1297 438 1374 vel
462 1317 502 1359 ex
535 1318 572 1361 eo
598 1297 686 1382 quod
709 1322 822 1367 eorum
856 1318 1001 1374 auctores
1023 1312 1057 1377 in
1079 1317 1248 1384 scribendo
1270 1325 1366 1389 unice

240 1397 441 1462 intenderent
461 1400 629 1463 utilitatem
644 1403 848 1491 legentium,
875 1412 926 1473 rel
950 1413 1037 1497 quod
1057 1421 1187 1484 oracula
1204 1421 1365 1491 distinctis

130 1484 133 1491 ¹
238 1499 363 1565 schedis
386 1501 578 1585 scripserint,
604 1524 683 1588 quas
706 1527 788 1571 unus
811 1511 938 1597 aliquis,
959 1517 1047 1581 nulla
1066 1525 1218 1606 temporis
1240 1529 1363 1595 ratione

237 1602 359 1688 hahita,
385 1605 415 1667 in
439 1625 540 1668 unum
565 1611 767 1691 congesserit.
792 1613 855 1677 Ista
872 1627 986 1682 ‚autem
1007 1624 1156 1689 vaticinia
1179 1629 1358 1717 hebraice,

235 1708 314 1790 stylo
332 1705 480 1791 figurato,
500 1709 617 1793 scripta
633 1721 719 1794 sunt,
738 1717 911 1782 maximam
935 1732 1060 1805 partem
1082 1728 1242 1816 versibus3
1266 1754 1356 1818 quae-

234 1807 311 1872 dam
333 1819 440 1872 tamen
457 1812 586 1874 oracula
599 1834 693 1896 prosa
707 1819 860 1882 oratione.

280 1913 332 1975 al.
358 1912 596 1995 Prophetiurum
620 1919 827 2002 interpretatio
860 1923 1001 2011 difficilis.
1029 1930 1184 2000 Vaticiniu.
1209 1939 1358 2026 Prophe-

235 2024 340 2078 tarum
363 2016 475 2100 saepius
496 2016 630 2081 obscura
652 2030 723 2083 sunt
740 2031 771 2085 et
788 2025 942 2107 plurimas
959 2031 1124 2099 involvunt
1144 2037 1356 2128 difficultates,

235 2117 266 2179 in
291 2116 408 2202 quihus
432 2115 608 2182 enodandis
637 2122 824 2207 interpretes
861 2131 1002 2212 multum
1030 2133 1198 2206 desudant.
1234 2143 1359 2212 Idcirco

232 2220 265 2282 S.
285 2221 396 2284 Petrus
419 2220 467 2307 (2)
491 2243 671 2314 sermonem
693 2230 917 2313 propheticum
934 2237 1087 2304 assimilat
1110 2241 1236 2310 lucana
1250 2246 1363 2312 lucenti

234 2325 267 2384 eir
299 2323 460 2407 calipiuoso
495 2324 556 2388 loco
590 2327 681 2391 donec
716 2331 778 2394 dies
813 2332 965 2402 elucescet.
997 2340 1091 2421 Quod
1126 2348 1273 2415 vaticinia
1296 2355 1360 2417 sint

231 2424 417 2489 difficilioris
443 2428 710 2512 interpretationis
735 2435 796 2499 hoc
820 2460 859 2501 ex
883 2438 1003 2527 duplici
1028 2468 1123 2514 causa
1147 2455 1356 2538 repetendum

232 2538 279 2592 est
304 2552 313 2591 t
339 2551 379 2593 cx
401 2531 470 2614 ipsa
493 2533 612 2597 scilicet
635 2538 809 2620 prophetiae
833 2552 947 2610 natura
984 2559 1015 2612 et
1049 2573 1088 2615 ex
1123 2555 1357 2642 Prophetarum

231 2633 370 2717 eloquio.

276 2737 327 2799 22.
356 2736 438 2818 Quia
472 2738 640 2824 Prophetae
664 2743 696 2806 in
719 2749 916 2829 prescientia
937 2752 1068 2842 divina,
1101 2783 1157 2826 seu
1188 2766 1220 2830 in
1243 2767 1354 2834 tabula

230 2840 357 2924 egregie
375 2838 501 2926 depicta
517 2843 565 2930 (5)
580 2867 630 2908 res
649 2846 771 2912 futuras
795 2850 957 2940 videbant,
977 2868 1009 2923 et
1032 2873 1173 2950 eventus,
1195 2890 1260 2935 non
1276 2892 1353 2938 vero

832 102 901 190 “pm
1005 21 1187 205 ispalim
1242 82 1386 195 m

985 147 1049 552 l

262 3057 297 3120 (l)
314 3058 386 3120 Apud
401 3056 498 3108 Graecos
513 3022 646 3121 Propheta
661 3057 768 3113 Minores
782 3068 926 3126 precedunt
946 3072 1065 3136 llajoras;
1082 3084 1223 3134 contrarius
1239 3093 1278 3136 est
1292 3091 1356 3142 ordo

226 3141 294 3202 apud
311 3141 412 3190 Latinos
423 3146 450 3189 et
465 3140 590 3191 Hebraeos.
610 3142 704 3194 Hebraei
717 3153 803 3196 autem
818 3149 945 3202 Danielem
962 3155 1029 3206 inter
1045 3159 1214 3228 Hagiograpla
1226 3168 1355 3231 ,reponunt

226 3226 254 3269 et
270 3220 366 3269 ltaruch
379 3234 429 3269 non
440 3221 576 3283 recipiunt.

259 3300 295 3365 (a)
313 3300 337 3350 n
350 3294 419 3352 retr.
434 3301 453 3362 1,
467 3303 505 3353 ra.

259 3383 294 3445 (ὅ)
308 3400 323 3429 ,α
340 3383 388 3433 Les
404 3384 497 3434 visions
517 3388 697 3454 prophaaiquas
711 3404 756 3446 ont
769 3398 793 3447 la
807 3400 864 3462 plus
880 3406 974 3467 grande
988 3411 1101 3474 analogia
1114 3427 1172 3465 avec
1187 3417 1223 3467 les
1236 3420 1352 3474 tableaux

223 3477 258 3513 en
272 3465 436 3527 perspectiva.
454 3466 502 3516 Gar
512 3469 545 3518 de
557 3468 639 3522 mama
651 3487 701 3537 que
715 3477 776 3530 dans
790 3494 832 3533 ces
845 3493 925 3537 sortes
938 3489 970 3538 de
984 3490 1101 3544 tableaux
1113 3496 1149 3547 les
1162 3499 1242 3562 obiets
1251 3515 1283 3552 ne
1293 3513 1352 3557 sont

225 3558 268 3608 pas
282 3553 339 3595 tous
352 3547 419 3597 aussi
433 3548 579 3599 clairament
595 3554 761 3624 representes
779 3566 880 3626 quales
897 3568 952 3630 plus
969 3575 1075 3634 proches
1088 3585 1146 3630 sont
1159 3581 1276 3645 depeints
1290 3600 1351 3640 sous

223 3628 269 3678 des
285 3628 402 3679 couleurs
417 3630 473 3690 plus
484 3631 552 3681 vives
561 3639 587 3682 et
603 3635 810 3706 plasmaueras,
821 3649 903 3699 undis
915 3665 966 3715 que
978 3654 1014 3705 les
1026 3658 1083 3719 plus
1096 3659 1206 3726 elolgnts
1217 3679 1249 3716 ne
1258 3667 1281 3717 le
1291 3677 1350 3722 sont

223 3724 276 3774 que
289 3710 367 3762 d'une
380 3712 491 3762 muniere
506 3714 612 3766 obscure
623 3725 649 3768 et
666 3734 693 3770 se
708 3725 814 3785 perdent
823 3731 885 3782 dans
897 3733 920 3782 le
935 3735 1048 3799 lointain;
1064 3742 1095 3791 de
1109 3742 1191 3796 meme
1205 3750 1273 3798 aussi
1287 3751 1349 3803 dans

223 3792 260 3842 les
277 3794 447 3856 perspectivas
471 3796 659 3861 prophe'tiques,
679 3803 715 3852 les
736 3804 898 3864 &venements
919 3819 1052 3879 prochains
1071 3831 1130 3875 sunt
1152 3829 1348 3884 ordinairement

221 3872 316 3924 decnts
328 3876 384 3937 plus
398 3876 545 3927 elairement
557 3886 583 3929 et
597 3882 653 3943 plus
666 3883 865 3954 distinctement,
875 3897 958 3947 tendis
970 3913 1020 3963 que
1035 3904 1071 3953 les
1084 3913 1179 3970 autres,
1189 3911 1348 3973 representes

223 3954 279 4015 plus
301 3955 494 4019 camuranam,
514 3973 541 4009 se
562 3962 678 4023 perdent,
697 3977 761 4026 pour
778 3970 842 4021 ainsi
863 3974 927 4039 dire,
947 3980 1009 4030 dans
1025 3983 1048 4032 la
1070 3986 1127 4036 nuit
1144 3988 1188 4039 des
1205 3996 1294 4056 temps.
1316 3995 1348 4046 Et

219 4049 318 4085 comme
339 4039 400 4089 dans
417 4038 453 4088 les
470 4043 638 4103 perspectivas
654 4046 699 4096 des
716 4049 827 4110 peintres
843 4091 850 4115 ‚
866 4056 903 4107 les
926 4061 1009 4124 objets
1026 4068 1130 4126 proches
1149 4077 1175 4120 et
1193 4071 1303 4138 eloignes
1319 4091 1347 4128 se

220 4117 343 4168 touchant
354 4120 502 4171 reellement
519 4137 563 4173 sur
576 4124 599 4174 la
616 4126 677 4177 toile
694 4135 720 4178 et
734 4145 766 4181 ne
777 4137 914 4194 paruissent
925 4141 1025 4205 separes
1037 4162 1087 4211 que
1097 4164 1141 4213 par
1154 4167 1204 4204 une
1219 4156 1284 4207 nude
1297 4159 1346 4209 ob-

220 4209 295 4246 scure
312 4211 362 4260 que
376 4200 432 4250 l'art
446 4203 481 4251 du
495 4203 594 4264 peintre
603 4211 621 4255 'a
639 4220 669 4256 su
681 4208 809 4276 managu,
821 4217 882 4268 dans
897 4222 960 4274 celte
973 4226 1018 4278 des
1036 4233 1179 4296 prophetes,
1193 4238 1227 4287 oh
1243 4238 1261 4288 il
1276 4240 1316 4303 n'y
1330 4254 1344 4291 a

221 4277 292 4338 point
305 4279 337 4330 de
349 4281 414 4332 nude
429 4283 567 4335 artificielle
580 4287 623 4349 qui
641 4289 727 4351 puisse
741 4306 805 4345 nous
817 4296 878 4351 taire
896 4302 1058 4361 discernerla
1076 4313 1187 4368 osane
1197 4319 1241 4369 des
1250 4320 1343 4387 abiete,
