3142 4964
283 294 324 357 ta
390 304 392 311 “
509 310 710 354 ruruonucno
726 309 873 351 sonemus
888 309 921 348 rn
936 308 961 350 s.
983 306 1184 350 scurrrnaau.

282 412 322 473 ad
336 409 465 476 Orthod.
485 411 532 496 (q.
549 409 604 493 96)
620 432 627 471 :
647 433 662 465 r
679 406 835 470 Omnibus
848 408 940 490 aquis
952 427 1022 490 quae
1035 427 1131 490 super
1144 414 1262 468 terram
1275 413 1367 468 erant
1378 405 1415 468 in

283 515 470 596 sanguinem
491 512 662 593 conversis,
681 510 877 594 cogebantur
901 509 1038 594 AEgyptii
1055 510 1140 572 circa
1163 506 1284 570 flumen
1300 505 1416 571 fodere

283 626 395 702 puteos
407 616 519 700 (and.
534 616 606 696 Vll,
625 615 692 700 94),
707 624 738 677 et
753 614 866 677 hausta
883 612 957 677 inde
974 635 1059 698 aqua
1076 614 1195 697 seipsos
1211 633 1333 697 suaque
1349 613 1421 675 ani-

284 719 380 782 malia
397 727 428 781 et
441 739 558 802 pecora
579 726 765 780 sustentare.
783 718 833 778 Ex
846 715 902 778 tae
917 737 997 799 aqaa
1013 738 1028 778 e
1041 719 1142 799 pateis
1155 714 1264 778 bansta
1280 706 1420 799 fecerant
1532 746 1536 759 ι

283 825 484 885 incantatores
499 823 690 904 sanguinem,
704 842 756 883 arec
768 819 831 882 allo
846 831 934 903 pacto
945 819 1043 902 falsas
1060 832 1102 884 est
1118 841 1227 884 sermo.
1246 846 1261 880 u
1276 820 1368 904 Reep.
1383 822 1419 882 2⁰

285 942 360 985 cum
376 922 408 984 S.
431 922 607 1006 Augustino
623 921 754 1007 (Qnoest.
774 920 816 982 25
833 929 864 983 et
881 922 921 984 96
939 923 972 982 ia
992 922 1108 1006 Erod.)
1125 943 1235 1006 magos
1250 922 1419 1006 praestigiis

284 1025 347 1086 suis
376 1023 530 1109 effecisse,
559 1032 605 1105 ut,
632 1023 687 1108 qui
715 1043 827 1086 revera
856 1031 925 1085 orat
953 1025 1092 1107 sanguis,
1116 1046 1201 1110 aqua
1230 1033 1416 1108 appareret,
1533 1012 1537 1022 ⁵

285 1124 414 1209 deinde,
432 1127 596 1211 praestigiis
612 1127 732 1208 solutis,
752 1135 833 1189 esset
850 1135 882 1189 et
897 1135 1068 1210 appareret
1087 1129 1224 1213 sanguis.
1320 1162 1327 1182 i

329 1231 381 1293 95.
402 1232 522 1294 Instant
535 1251 656 1293 rursus.
671 1230 770 1292 and.
791 1230 848 1311 lx,
864 1231 884 1292 6
900 1228 1038 1293 refertur
1054 1231 1161 1314 quinta
1176 1232 1269 1315 plaga
1287 1240 1417 1295 mortua

285 1354 352 1395 csse
376 1335 478 1395 ornrtia
508 1333 680 1394 animantia
701 1331 931 1414 AEppptiornm.
962 1329 1084 1394 Deinde
1106 1341 1255 1396 narratur
1278 1333 1418 1416 septima

286 1437 380 1522 plaga
393 1437 507 1521 periise
521 1439 553 1497 in
567 1437 652 1498 omni
663 1446 744 1497 terra
755 1436 888 1520 AEpppti
898 1446 1003 1497 carecto
1016 1456 1083 1518 qua
1094 1435 1220 1518 fuerunt
1232 1438 1264 1497 in
1277 1438 1360 1519 aprio
1377 1434 1418 1497 ab

286 1540 405 1602 bomine
428 1560 523 1622 usqae
546 1538 586 1600 ad
603 1539 788 1620 jumentam.
816 1538 885 1600 Imo
906 1546 977 1621 post
1001 1535 1163 1623 duplicem
1184 1540 1268 1602 hanc
1283 1540 1419 1623 plagam

285 1643 412 1705 Pharao
428 1640 586 1704 Israelitas
603 1640 762 1702 insecutus
777 1649 824 1702 est
838 1661 911 1703 cum
926 1660 1044 1724 magno
1061 1641 1204 1724 equitatu
1216 1651 1248 1704 et
1260 1643 1419 1705 sexcentis

286 1743 444 1807 curribus.
1112 1738 1116 1745 ’

331 1848 383 1910 94.
414 1849 505 1932 Resp.
530 1847 633 1911 Voces
656 1849 758 1911 omnia
778 1848 949 1908 animantia
973 1846 1156 1909 referuntur
1181 1845 1223 1909 ad
1244 1869 1278 1908 ea
1307 1847 1419 1909 omnia

285 1934 547 2035 animantia'quae
565 1951 597 2012 in
619 1951 701 2032 apris
718 1946 918 2032 deprehensa
936 1956 1009 2010 sunt
1027 1967 1132 2032 neque
1155 1948 1187 2009 in
1210 1945 1334 2010 stabula
1359 1968 1420 2010 re-

285 2050 365 2112 verti
386 2057 569 2132 potuerunt,
590 2069 654 2112 non
672 2068 750 2111 vero
768 2043 811 2109 ad
829 2067 955 2130 eaquae
980 2048 1013 2109 in
1036 2044 1185 2109 domibus
1209 2048 1261 2109 vel
1282 2045 1422 2109 urbibus

286 2160 388 2232 erant,
407 2160 443 2214 ut
462 2151 621 2236 colligitur
634 2159 651 2213 e
665 2171 747 2213 vers.
763 2148 960 2212 astruitur
977 2149 1111 2233 septima
1127 2148 1222 2233 plaga
1239 2170 1277 2213 ea
1291 2157 1420 2212 tantum

286 2253 436 2316 animalia
453 2275 603 2337 percussa
617 2262 689 2316 sunt
705 2273 775 2336 quae
792 2259 883 2314 erant
895 2252 928 2314 in
945 2253 1030 2336 agris
1044 2276 1052 2333 3
1073 2249 1219 2337 adeoque
1234 2253 1323 2315 nulla
1337 2273 1420 2316 con—

285 2354 432 2418 tradictio
449 2357 481 2418 in
494 2356 630 2420 textibus
647 2356 750 2419 allatis
768 2355 926 2417 invenitur
939 2355 998 2441 (1).

580 2587 635 2650 VI.
661 2589 712 2648 De·
730 2587 887 2650 diuinitate
910 2588 1119 2649 Pentatenrlu‘.

331 2820 383 2882 95.
402 2821 448 2881 Ex
464 2818 630 2902 hucusque
649 2816 739 2881 dictis
756 2827 878 2883 constat
894 2839 968 2881 vera
983 2840 1049 2882 esse
1063 2842 1134 2905 quae
1149 2823 1182 2883 in
1197 2822 1418 2897 Pentateucho

287 2923 456 2987 hahentur.
483 2922 581 2984 Porro
606 2922 638 2983 in
661 2922 877 2984 Pentateucho
902 2932 1072 2984 occurrunt
1092 2925 1285 2989 miraculae
1308 2929 1418 3013 Moyse

285 3034 409 3111 patrata
425 3022 466 3088 ad
483 3021 667 3099 liberandos
682 3022 834 3086 Hebraeos
847 3044 884 3085 ex
897 3024 1032 3108 AEgypto
1047 3046 1164 3111 eosque
1177 3048 1278 3113 usque
1293 3027 1335 3092 ad
1347 3039 1417 3094 ter-

284 3149 354 3190 ram
373 3129 562 3211 promissam
580 3125 815 3211 perducendos,
833 3137 1005 3190 occurrunt
1020 3137 1051 3190 et
1066 3130 1214 3194 vaticinia
1230 3132 1357 3217 abipso
1373 3133 1419 3198 de

283 3230 380 3293 rebus
393 3230 507 3293 futuris
517 3230 644 3311 emissa,
655 3239 827 3293 occurrunt
838 3227 977 3314 denique
989 3231 1136 3294 veritates
1149 3230 1189 3298 dc
1201 3235 1268 3299 Deo
1281 3234 1419 3321 ejusque

285 3329 484 3414 providentia
505 3352 524 3393 a
545 3332 650 3415 Moyse
666 3330 835 3393 declarata
857 3340 888 3392 et
911 3341 1068 3415 praecepta
1093 3335 1222 3397 nomine
1245 3337 1302 3399 Dei
1322 3338 1417 3420 lata3
1457 3372 1461 3377 ·

285 3432 398 3514 verbo,
413 3434 445 3495 in
461 3433 676 3496 Pentateucho
694 3433 832 3496 occurrit
847 3434 1000 3495 revelatio
1016 3432 1136 3517 divine,
1152 3439 1291 3501 occurrit
1303 3440 1420 3524 religio

287 3535 470 3599 hominibus
493 3538 662 3600 inculcata.
682 3536 802 3621 Moyses
822 3544 929 3598 autem
953 3536 1011 3598 ista
1034 3539 1189 3602 miracula
1213 3550 1244 3604 et
1265 3543 1419 3607 vaticinia

287 3649 435 3723 operatus
461 3649 506 3702 ast
523 3649 558 3703 ut
573 3638 725 3722 probaret
742 3660 775 3701 se
793 3660 811 3700 a
832 3638 898 3701 Deo
916 3639 1047 3701 missum
1061 3662 1140 3722 esse,
1160 3663 1192 3704 se
1210 3643 1267 3706 Dei
1284 3646 1418 3709 nomine

286 3743 387 3828 loqui,
405 3763 438 3806 se
450 3743 507 3805 Dei
527 3743 675 3805 veritates
692 3741 873 3825 patefacere
890 3750 922 3803 et
938 3751 1095 3826 praecepta
1116 3743 1292 3827 imponere.
1313 3747 1419 3813 Porro

285 3846 382 3925 Deus,
403 3846 457 3930 qui
478 3854 524 3907 cst
544 3846 611 3928 ipsa
627 3845 754 3925 veritas,
782 3865 845 3907 non
862 3852 964 3926 potest
981 3845 1145 3927 impostori
1169 3848 1234 3910 vim
1258 3850 1419 3915 miracula

286 3947 434 4032 patrandi
447 3948 587 4012 tribuere
603 3972 611 4028 3
630 3956 755 4032 oportet
770 3948 865 4031 igitur
884 3944 1050 4010 admittere
1068 3970 1178 4012 veram
1203 3973 1269 4014 essc
1286 3955 1421 4018 revela-

286 4053 405 4115 tionem
428 4053 460 4115 in
483 4052 572 4115 libris
596 4053 693 4136 Moysi
712 4060 905 4132 contentam,
925 4049 1048 4114 divinas
1072 4072 1139 4114 esse
1161 4053 1246 4138 leges
1269 4057 1417 4141 aMoyse

320 4315 356 4377 (l)
367 4315 416 4365 llas
425 4316 535 4376 aliasque
547 4314 691 4378 hujusmodi
703 4313 862 4364 difficultates
875 4313 949 4364 solvit
960 4275 1045 4375 Veith,
1056 4313 1110 4365 Lib.
1126 4316 1169 4366 ait.
1183 4314 1248 4367 ll-V.
