3166 4958
124 666 143 702 't

292 330 368 372 raas
382 331 406 372 1.
421 328 514 372 curer
526 328 611 370 xxiv.
628 327 665 368 na
677 326 829 369 uuooacru
842 326 1005 369 rnorarrrs
1019 327 1194 371 macareus.
1251 310 1310 372 181

180 410 273 493 turus
292 438 349 491 est.
371 427 534 492 ludicium
551 424 632 489 illud
648 434 795 490 secutura
812 425 1042 510 praenuntiatur
1058 447 1183 491 summa
1203 428 1314 513 populi

180 535 241 598 Dei
255 533 401 598 felicitas.

591 698 595 779 }
666 734 698 797 5.
721 733 830 798 Amas.
902 748 904 751 ’

229 937 261 1000 9.
280 935 378 1000 Amos
398 934 512 1043 (clap),
538 943 645 1020 pastor
668 934 776 998 ovium
800 955 817 997 3
841 935 965 998 civitate
993 935 1120 999 Thecue
1145 935 1311 1020 oriundus,

182 1057 372 1121 vaticinatus
395 1064 440 1118 est
460 1053 520 1117 sub
546 1050 740 1115 Jcroboamo
763 1052 806 1133 ΙΙ,
832 1071 906 1136 rege
930 1053 1067 1137 Israelis,
1093 1063 1125 1117 et
1146 1054 1206 1118 sub
1226 1054 1312 1124 Ozia.

183 1178 259 1243 rego
285 1156 367 1220 Juda
392 1158 512 1242 (Amor.
531 1154 558 1235 1,
579 1152 701 1235 13v11,
722 1152 789 1235 15).
811 1153 894 1216 Dum
910 1154 943 1217 in
961 1154 1073 1220 Betbal
1095 1157 1313 1241 prophetaret,

183 1258 404 1344 adversari-um
431 1257 543 1321 habuit
561 1252 759 1320 sacerdotem
779 1254 966 1341 quemdam,
985 1260 1115 1323 nominc
1137 1258 1314 1340 Amasiam,

185 1362 243 1448 qui
261 1361 329 1447 ejus
342 1361 545 1446 prophetiam
558 1346 843 1439 cobibere'volcna
863 1358 966 1443 ipsum
980 1357 1164 1422 rebellionis
1182 1380 1317 1423 accusa-

184 1464 232 1528 vit
244 1462 331 1549 apud
344 1483 453 1547 regem
467 1462 565 1525 Israel
576 1458 762 1525 Jcroboam.
780 1459 892 1523 Statim
908 1469 1017 1524 autem
1031 1460 1130 1525 Amos
1146 1465 1315 1525 temerario

184 1565 343 1631 sacerdoti
359 1563 505 1651 predixit
529 1583 663 1627 uxorem
686 1556 754 1647 ejus
770 1561 1045 1629 dehonestandam
1068 1564 1150 1647 fore,
1170 1563 1316 1651 filiosque

184 1678 218 1733 et
245 1669 327 1732 filias
346 1666 453 1754 gladio
475 1667 632 1753 perituros
653 1665 870 1752 lsraelcmque
898 1668 1059 1752 captivum
1084 1666 1230 1732 deterre
1258 1690 1316 1731 sua

184 1772 398 1856 migraturum
413 1770 498 1857 (VII,
518 1768 648 1853 10-17).

232 1876 285 1940 10.
307 1876 540 1959 Arpumeatum.
561 1871 660 1936 Amos
687 1873 862 1956 presertim
883 1873 1071 1936 vaticinatus
1094 1882 1141 1936 est
1163 1872 1316 1937 adversus

185 1997 324 2062 regnum
337 1976 447 2057 Israel,
464 1985 605 2039 attamen
621 1974 717 2038 etiam
731 1973 771 2037 de
783 1971 868 2037 luda
881 1982 913 2037 et
927 1973 1068 2038 finitimis
1084 1977 1210 2060 populis
1222 1977 1316 2038 loeu-

187 2091 239 2145 tus
251 2090 308 2144 est.
316 2079 425 2164 Capite
436 2079 500 2141 I-ll
513 2075 748 2163 perdicit-iram
759 2077 817 2140 Dei
827 2074 1056 2140 effundendam
1068 2078 1101 2140 in
1109 2078 1314 2158 Damascum,

187 2182 319 2267 Gazam,
344 2182 549 2262 Ascalonem,
570 2181 717 2262 Azotum,
737 2179 867 2264 Tyrum,
886 2179 1041 2262 Theman,
1061 2179 1206 2263 Bosram,
1234 2180 1317 2243 Am-

187 2286 337 2369 monitas,
367 2283 522 2349 Moabitas
539 2292 636 2368 atque
658 2282 691 2345 in
714 2280 832 2345 ludam
857 2283 940 2345 etin
963 2282 1114 2346 lsraelem
1135 2283 1167 2345 in
1188 2303 1317 2367 prauam

188 2407 301 2450 eorum
329 2385 497 2449 scelerum.
527 2384 634 2468 Pergit
655 2383 817 2468 Propheta
842 2382 980 2469 (III-Vl)
1003 2385 1155 2448 lsraelem
1181 2404 1317 2468 arguere

186 2488 363 2553 multorum
381 2485 564 2567 criminum,
582 2485 758 2570 prasertim
772 2483 971 2568 idololatriae,
986 2484 1028 2549 ad
1045 2507 1116 2572 quae
1133 2485 1316 2571 castiganda

187 2592 273 2654 Deus
291 2591 431 2676 migrare
447 2589 603 2653 Israelitas
621 2587 718 2652 faciet
734 2598 822 2652 trans
837 2589 1041 2652 Damascum.
1056 2590 1200 2675 Denique
1223 2590 1317 2674 (Vll-

188 2695 248 2780 lx)
266 2694 326 2758 sub
342 2693 437 2758 variis
452 2691 602 2778 symbolis
619 2693 735 2755 iterum
757 2689 900 2775 praedicit
924 2692 1009 2755 mala
1032 2693 1182 2756 Israelitis
1206 2694 1318 2756 immi-

189 2798 295 2861 nentia
311 2806 408 2883 atque
421 2795 649 2879 captivitatem3
668 2814 722 2856 eos
738 2801 846 2856 tamen
861 2794 895 2856 in
910 2792 974 2856 fine
989 2793 1110 2857 solatur
1121 2814 1177 2877 spe
1198 2793 1318 2856 reditus

189 2910 286 2988 atque
313 2897 519 2964 restitutionis
542 2898 633 2981 regni
660 2894 790 2960 Davidis
813 2897 846 2958 in
862 2917 918 2959 sua
939 2896 1070 2980 pristina
1095 2896 1316 2980 prosperitate,

189 3002 306 3090 quibus
320 3001 437 3083 verbis,
451 3000 573 3065 Jacobo
586 3000 739 3085 Apostolo
755 3006 888 3062 testante
903 2998 985 3084 (Act.
1004 2997 1074 3080 XV,
1090 2997 1157 3081 16),
1173 3007 1318 3082 tempora

188 3108 307 3171 Messiae
324 3103 481 3190 designat.

233 3208 286 3271 11.
304 3206 415 3270 Amasi
437 3204 567 3268 oracula
585 3204 723 3289 eleganti
751 3204 830 3289 stylo
858 3203 1036 3288 conscripta
1062 3204 1175 3288 sapius
1194 3204 1226 3265 in
1249 3203 1319 3266 aliis

189 3307 279 3372 libris
294 3309 392 3372 sacris
408 3307 599 3392 allegantur.
618 3305 669 3369 Sic
689 3305 760 3369 Tot.
782 3306 825 3368 ΙΙ.
845 3306 865 3367 6
882 3301 1021 3368 dicitur:
1044 3307 1214 3369 Memorem
1232 3304 1320 3367 illum

188 3432 368 3483 sermonem,
382 3430 470 3494 quem
489 3409 567 3472 dicit
581 3409 731 3474 homirius
745 3429 802 3491 per
817 3408 912 3470 Antea
928 3406 1117 3491 Prophetam
1137 3432 1146 3469 :
1170 3408 1233 3470 dics
1248 3407 1321 3490 festi

189 3516 282 3577 vestri
297 3521 506 3576 convertentur
528 3512 561 3573 in
587 3508 831 3572 lamentationem
851 3510 971 3594 (Amos.
992 3509 1079 3592 Vlll,
1101 3509 1167 3593 10).
1186 3509 1218 3573 S.
1246 3509 1320 3573 Ste-
1402 3546 1404 3549 ·

191 3615 317 3700 pharus
334 3613 417 3700 (Act.
438 3612 509 3695 VII,
534 3610 589 3697 ta)
604 3609 732 3677 Judoeos
760 3611 927 3696 alloquens
943 3610 1042 3676 verba
1062 3611 1171 3675 Amosi
1191 3612 1245 3696 (V,
1264 3612 1319 3696 25)

190 3726 335 3802 usurpat,
357 3723 388 3778 ct
404 3715 447 3778 ait
464 3736 502 3779 ea
518 3734 586 3778 csse
611 3712 799 3799 deprompta
824 3734 842 3778 e
866 3714 949 3778 libro
966 3714 1209 3799 Prophetarum.
1229 3711 1320 3777 ldem

191 3820 267 3884 lecit
283 3818 315 3881 S.
334 3814 473 3881 lacobus
489 3817 521 3881 in
538 3817 673 3882 concilio
688 3817 952 3903 ierosolymitano
969 3817 1050 3902 (Act.
1070 3816 1140 3898 XV,
1160 3815 1226 3899 16).

663 4018 696 4082 l.
713 4017 842 4083 Audias.

238 4222 291 4287 11.
309 4218 430 4285 Abdias
447 4215 562 4329 (³:339)
578 4219 737 4305 Propheta
760 4242 774 4277 «
797 4239 916 4303 parvus
934 4221 1156 4313 supputatione
1173 4241 1331 4284 versuum.

195 4359 260 4404 nou
272 4359 435 4424 sensuum,
453 4365 468 4401 r
486 4347 521 4405 ut
537 4338 640 4424 inquit
655 4337 879 4424 Hieronymus,
897 4338 1083 4405 vaticinium
1108 4341 1206 4406 breve
1224 4340 1325 4406 edidit
