3134 4934
294 300 370 342 PARS
382 300 418 343 11.
433 299 527 342 estur
542 300 570 343 V.
589 299 627 341 ult
639 299 872 350 Qusrucuuuctu
885 301 910 344 S.
928 293 1016 344 PAULl
1033 303 1193 348 sulsruus.
1250 285 1314 348 567

184 420 218 463 se
243 420 308 462 non
331 406 542 483 paterentur3
580 396 637 462 sed
671 419 744 463 eam
775 419 849 463 cum
876 401 1049 485 Evangelio
1071 401 1269 487 miscerent3
1295 425 1315 468 a

183 501 307 565 Christo
320 500 453 587 quidem
468 501 616 584 exempla
631 500 786 564 virtutum
807 509 959 586 petentes,
979 524 1017 566 uc
1035 504 1166 587 prumia
1185 503 1315 591 justitiae

184 612 415 688 exspectantes,
435 604 538 688 ipsam
556 624 633 667 vero
646 601 803 688 justitiam
821 605 896 688 Lagi
916 626 954 669 ac
973 607 1182 690 oaeremoniis,
1197 609 1315 671 remis-

184 707 306 770 sionem
334 715 442 771 autem
471 714 678 791 peccatorum
702 706 864 770 sacrificiis
888 709 1069 792 expiatoriis
1094 708 1208 773 cadem
1231 710 1313 794 Lege

184 809 386 894 praescriptis,
415 808 634 875 attribuentes.
658 810 694 872 ln
717 830 782 894 quo
806 830 914 874 errore
938 808 1144 892 destruendo,
1174 832 1238 874 uon
1262 812 1314 876 hic
1340 822 1346 826 “

184 920 322 996 tantum,
341 932 455 975 verum
471 911 567 974 etism
582 910 660 974 alibi
683 931 778 997 saepc,
803 910 857 975 scd
884 913 1023 976 maxime
1047 913 1079 976 iu
1102 913 1248 998 Epistolis
1271 914 1314 978 ad

185 1020 349 1083 Romanos
373 1016 466 1081 etad
489 1016 618 1082 Galatas
636 1026 836 1104 occupatur;
860 1018 978 1104 quibus
1000 1018 1136 1104 proinde
1161 1020 1314 1085 cumbae

184 1122 326 1207 Epistola
342 1141 459 1206 magua
477 1130 522 1184 est
537 1121 717 1205 argumenti
738 1120 885 1187 affinitas.

228 1225 260 1287 5.
289 1225 464 1287 Auctoritas
487 1225 643 1287 cunorsicu.
668 1222 821 1304 Quamvis
851 1223 998 1288 nonnulli
1021 1225 1097 1288 olim
1126 1225 1312 1308 latinorum,

183 1323 271 1389 ducti
295 1325 391 1388 variis
414 1324 590 1388 rationibus
614 1325 699 1389 infra
722 1324 931 1410 exponendis,
952 1323 993 1390 de
1016 1326 1157 1411 Epistola
1180 1326 1222 1391 ad
1245 1330 1313 1391 Hc-

132 1498 135 1503 ,
184 1427 277 1492 broeos
300 1424 398 1491 dubis
415 1427 585 1510 moverint,
606 1435 715 1491 tumen
732 1428 774 1491 ab
791 1428 878 1492 initio
902 1429 1072 1513 Scripturis
1090 1430 1187 1493 sacris
1205 1451 1314 1493 annu-

183 1538 309 1594 merata
335 1530 406 1595 suit.
435 1529 559 1594 Etenim
584 1531 616 1592 in
639 1530 788 1594 omnibus
810 1529 947 1595 Orientis
970 1539 1001 1595 ct
1024 1530 1152 1596 Graciae
1174 1533 1315 1596 ecclesiis

183 1641 221 1695 ut
248 1632 400 1696 canoniea
420 1640 567 1716 suscepta
590 1632 661 1713 luit,
681 1641 713 1696 et
731 1654 751 1695 n
778 1633 940 1718 plerisque
963 1631 1110 1696 Patribus
1133 1632 1314 1698 Occidentis

185 1743 283 1820 atque
295 1734 338 1799 ab
354 1735 503 1799 omnibus
517 1728 659 1799 conciliis
674 1736 744 1799 aliis
760 1735 849 1799 libris
862 1736 960 1799 sacris
975 1734 1139 1820 adjuncta.

228 1839 261 1902 6.
279 1840 316 1902 In
334 1839 466 1903 eeclesia
485 1837 703 1903 Alexandrina
720 1839 753 1902 S.
772 1839 940 1902 Pantaenus
958 1847 989 1901 et
1006 1838 1152 1903 Clemens
1169 1838 1313 1931 Alexan-

184 1939 297 2004 drinus
320 1942 494 2026 Epistolam
517 1942 558 2005 ud
581 1941 722 2006 Hebraeos
744 1950 776 2005 et
798 1939 941 2005 diuinam
961 1938 1137 2025 predicant
1159 1949 1191 2005 et
1212 1941 1312 2005 Paulo

184 2040 382 2107 adscribunt.
404 2066 418 2101 u
438 2041 596 2125 Clemens,
616 2043 661 2106 ait
679 2043 834 2107 Eusebius
854 2041 958 2129 (l),...
982 2042 1156 2127 Epistolam
1181 2043 1222 2106 ud
1244 2044 1312 2105 He-

182 2144 276 2209 bruos
290 2146 383 2209 Pauli
396 2144 527 2231 quidem
543 2166 611 2209 esse
628 2144 778 2228 affirmat,
798 2144 855 2210 sed
872 2145 1024 2210 hebraico
1042 2165 1190 2209 sermone
1202 2154 1313 2230 utpote

180 2244 225 2310 ad
242 2245 395 2310 Hebraeos
422 2248 563 2332 primum
591 2247 744 2332 scriptam
773 2247 870 2310 luisse
896 2270 903 2309 ε
925 2248 1045 2310 Lucam
1066 2266 1143 2310 vero
1163 2245 1313 2310 camdem

181 2367 286 2433 graeco
303 2370 450 2414 sermone
471 2348 610 2415 studiose
634 2351 876 2434 interpretatum
895 2351 1006 2434 grecis
1029 2347 1214 2412 homiuibus
1240 2348 1313 2413 cdi-

180 2450 275 2517 disse.
297 2452 404 2533 Quare
417 2452 449 2515 in
463 2474 501 2517 ea
515 2452 654 2538 Epistola
672 2462 703 2516 ct
717 2453 749 2514 in
764 2451 896 2516 Actibus
910 2451 1138 2537 Apostolorum
1161 2450 1312 2521 cumdem

181 2553 330 2641 dictionis
358 2557 499 2620 colorem
523 2555 670 2640 reperiri.
701 2554 794 2619 Hanc
822 2572 900 2619 vcro
929 2555 1168 2639 inscriptionem
1190 2554 1313 2620 Paulus

180 2659 346 2743 Apostolus
368 2669 454 2724 recte
482 2669 579 2745 atque
604 2657 717 2723 ordine
744 2659 894 2723 omissam
919 2659 1015 2722 fuisse
1045 2658 1205 2723 observat.
1232 2659 1312 2723 Cum

180 2761 267 2824 cuim
288 2760 431 2825 Hebraeis
447 2761 601 2825 scriberet
615 2762 671 2846 qui
689 2761 849 2825 sinistram
865 2759 906 2824 dc
922 2761 990 2845 ipso
1008 2761 1193 2845 opinionem
1210 2761 1312 2824 multo

180 2871 254 2926 ante
287 2862 510 2928 combiberant
540 2864 711 2949 ipsumque
734 2856 915 2948 suspectum
941 2862 1104 2926 habebant
1130 2885 1137 2925 ε
1162 2860 1312 2946 prudenti

181 2967 312 3032 consilio
329 2989 416 3050 usus,
437 2969 509 3032 illos
523 2945 703 3033 absterrere
719 2969 825 3033 statim
842 2967 885 3032 ab
904 2967 993 3031 initio
1010 2966 1154 3051 apposita
1176 2966 1313 3031 nominis

180 3069 227 3134 sui
245 3070 451 3156 inscriptione
468 3072 581 3135 noluit.
597 3098 612 3133 r>
631 3070 753 3137 Deinde
766 3072 932 3158 aliquanto
943 3079 1014 3155 post
1027 3069 1076 3133 his
1092 3070 1191 3133 utitur
1206 3068 1313 3132 verbis

180 3171 343 3237 Clemens:
355 3197 370 3231 u
380 3174 452 3237 Jam
465 3195 554 3255 vero,
569 3176 651 3238 sicut
665 3175 778 3239 beatus
788 3173 916 3238 dicebat
934 3170 1311 3259 presbytcr(Pantrenus),

180 3275 444 3362 quandoquidem
452 3277 607 3342 Dominus
620 3277 911 3362 omnipotentisDei
922 3277 1094 3362 Apostolus
1106 3273 1149 3338 ad
1159 3273 1313 3339 Hebraeos

181 3378 294 3444 missus
311 3380 427 3462 fuerat,
446 3402 504 3465 pro
521 3380 678 3445 modestia
699 3382 817 3445 Paulus
835 3388 944 3465 utpote
969 3380 1023 3465 qui
1047 3377 1088 3442 ad
1112 3388 1222 3462 gentes
1245 3387 1314 3441 crat

181 3478 332 3563 directus,
358 3481 778 3567 Hebraeorumdpostolum
801 3505 834 3547 se
857 3483 989 3546 minime
1009 3481 1164 3564 inscribit3
1183 3491 1250 3545 tum
1268 3482 1311 3545 ob

180 3602 271 3645 suam
300 3602 376 3666 crgs
407 3582 580 3647 Dominum
611 3574 836 3667 reverentiam,
866 3593 934 3647 tum
959 3582 1046 3670 quod
1071 3582 1310 3647 exabundanti

178 3683 221 3748 ud
245 3684 398 3750 Hebraeos
422 3686 489 3770 ipse
512 3687 655 3770 gentium
678 3708 783 3774 praeco
808 3696 838 3750 et
855 3688 1027 3772 Apostolus
1046 3685 1210 3751 scriberet.
1233 3712 1247 3746 »
1273 3687 1310 3750 Iu

178 3786 269 3851 libris
304 3789 491 3855 Stromuttuu
520 3782 667 3854 Clemens
696 3790 809 3875 saepius
830 3789 1005 3875 Epistolum
1035 3787 1078 3852 ad
1100 3786 1253 3852 Hebraeos
1277 3799 1312 3852 ut

179 3889 380 3975 scripturam
396 3910 522 3954 sacram
538 3900 570 3953 ct
586 3912 666 3975 opus
684 3891 776 3954 Pauli
792 3892 938 3978 allegat(
962 3890 987 3976 ).

224 3990 256 4054 7.
281 3989 345 4054 Alii
366 3991 508 4056 ccclesiae
528 3990 753 4056 Alexandrina
777 4001 809 4055 et
831 3993 1025 4078 AEgyptiacae
1041 3993 1210 4077 scriptores
1235 3994 1311 4078 Epi-

213 4170 248 4232 tl)
263 4169 328 4221 lltst.
344 4169 412 4221 Eccl.
429 4169 470 4233 Vl,
487 4172 529 4223 ll.
1219 4176 1221 4183 ‘

215 4249 252 4313 (9)
263 4250 326 4301 Vide
337 4250 439 4304 Putrol.
455 4265 533 4317 proec.
549 4259 569 4302 t.
581 4251 644 4315 Vlll,
655 4254 703 4305 ool.
723 4255 781 4315 tls,
794 4253 852 4317 73¹,
868 4254 927 4319 939,
946 4254 1004 4317 ass,
1019 4253 1078 4317 993,
1095 4254 1246 4307 stultiut.
1262 4255 1312 4307 Le-

181 4346 286 4398 nourry,
300 4336 408 4388 Dissert.
421 4336 449 4387 tu
461 4334 504 4386 uu
516 4335 643 4388 stromat.
653 4334 717 4389 lbld.
733 4337 780 4389 cot.
796 4338 866 4390 1993.
