3166 4958
265 316 330 380 202
494 304 694 374 rnraoouo'rro
711 330 858 373 sannaus
873 332 906 373 nr
922 333 948 374 s.
967 331 1166 375 scarrronau.

266 442 359 500 crant
382 429 574 516 corrigendi,
600 430 820 515 Philippenses
842 428 1013 512 monendi,
1038 431 1236 497 Colossenses
1257 433 1403 499 confor-

266 535 355 601 tandi
370 559 379 619 5
395 535 422 598 si
441 554 513 620 qnae
536 533 568 596 in
590 531 713 614 Judaea,
735 532 768 595 in
786 532 862 596 Asia
879 542 934 596 aut
949 533 1027 597 alibi
1044 534 1185 597 ccclesiae
1200 544 1256 599 aut
1271 536 1405 599 instru-

146 704 149 710 ⁴
266 641 371 703 ctione
380 647 435 702 aut
445 635 648 720 correptione
656 633 854 719 indigebant,
863 634 1007 721 Apostoli
1019 636 1166 701 absentes
1175 658 1233 722 per
1245 619 1404 723 epistolas

266 738 504 826 respondebant
520 748 551 802 ct
565 736 676 802 divina
693 745 748 801 sua
771 738 958 802 auctoritate
974 739 1044 802 lites
1061 739 1310 824 componebant,
1327 740 1404 803 sive

266 843 482 907 controversia
504 840 679 904 baberetur
700 838 741 904 de
765 839 927 925 dogmate,
947 842 1013 905 sive
1030 840 1071 904 de
1091 841 1270 927 disciplina.
1287 842 1320 905 si
1338 842 1403 928 qui

266 946 475 1010 ecclesiarum
488 943 659 1029 praepositi,
674 952 711 1006 ut
721 943 810 1007 Titus
821 943 873 1006 vel
886 943 1080 1025 Timotheus,
1095 945 1227 1008 consilio
1240 955 1295 1008 aut
1306 943 1403 1008 dire-

267 1050 373 1113 ctione
396 1046 607 1133 indigebant,
632 1066 687 1111 eos
712 1045 855 1131 Apostoli
879 1068 937 1132 per
961 1048 1080 1111 litteras
1103 1047 1312 1113 instruebant.
1338 1048 1404 1111 llis

266 1152 487 1238 similibusque
511 1150 613 1215 cauda
633 1151 666 1213 in
690 1148 827 1214 decursu
844 1150 948 1236 operis
964 1150 1143 1216 indicandis
1162 1153 1317 1237 originem
1332 1149 1403 1214 dc-

266 1256 345 1321 bent
360 1254 586 1340 Apostolorum
601 1254 761 1338 Epistolae.

311 1359 343 1421 7.
361 1356 467 1439 Quum
493 1354 566 1419 libri
583 1354 657 1419 novi
672 1354 862 1419 Testamenti
881 1375 900 1417 α
916 1356 1012 1420 variis
1027 1356 1211 1420 auctoribus
1229 1365 1324 1442 atque
1343 1352 1402 1418 di-

267 1460 367 1524 versis
393 1458 593 1544 temporibus
614 1457 733 1521 luerint
756 1458 926 1542 conscripti
950 1466 982 1521 et
1010 1457 1052 1522 ad
1083 1459 1232 1523 ecclesias
1254 1456 1402 1522 diversas

235 1589 238 1593 ²
267 1560 394 1644 directi,
421 1582 485 1624 non
507 1560 614 1624 statim
636 1558 782 1623 absoluta
806 1559 866 1622 luit
882 1580 994 1623 eorum
1011 1561 1168 1625 collectio.
1187 1560 1400 1646 Unaquaeque

236 1734 250 1763 x
269 1666 405 1730 ecclesia
419 1662 602 1749 possidebat
619 1664 734 1747 scripta
752 1684 824 1748 qum
836 1661 878 1727 ad
891 1664 992 1748 ipsam
1008 1664 1136 1728 fuerant
1154 1663 1287 1747 directa,
1299 1674 1399 1747 atque

269 1789 384 1833 eorum
396 1767 595 1852 autographa
608 1768 640 1829 in
653 1787 709 1829 suo
718 1766 868 1830 thesauro
880 1787 997 1851 magna
1009 1768 1163 1852 religione
1172 1767 1395 1832 conservabat.

269 1872 347 1935 llaec
363 1869 563 1954 autographa
581 1867 769 1932 lectionibus
784 1867 920 1952 publicis
936 1869 1151 1933 inserviebant
1169 1878 1266 1956 atque
1281 1866 1398 1932 exinde

268 1973 332 2037 alia
351 1969 614 2036 describebantur
629 1969 837 2054 exemplaria,
853 1990 925 2056 quae
948 1969 1058 2033 fideles
1081 1969 1123 2034 ad
1147 1972 1225 2035 alias
1247 1971 1398 2036 ecclesias

269 2073 438 2138 mittebant
453 2075 505 2137 vel
520 2071 606 2158 apud
631 2093 665 2135 se
680 2072 713 2135 in
727 2093 822 2137 suum
836 2093 930 2136 usum
949 2074 1140 2138 retinebant.
1157 2074 1335 2140 Verisimile
1348 2082 1397 2136 est

268 2197 309 2240 ea
332 2176 531 2260 autographa
554 2174 713 2260 Apostolis
735 2195 801 2239 non
823 2172 878 2238 diu
901 2175 1105 2259 superfuisse.
1124 2176 1206 2239 llam
1227 2177 1397 2261 scriptores

269 2280 376 2343 saculi
393 2277 524 2342 secundi
542 2276 655 2341 nullibi
667 2275 709 2341 ad
724 2292 763 2339 ea
775 2287 963 2361 provocant,
982 2278 1155 2363 nequidem
1171 2276 1301 2365 quando
1317 2301 1396 2342 con-

247 2398 252 2409 *
270 2383 375 2446 futare
396 2378 524 2444 student
544 2380 709 2444 haereticos
727 2380 844 2464 scripta
867 2382 942 2445 novi
959 2382 1149 2446 Testamenti
1167 2382 1395 2466 adulterantes,

183 2533 185 2537 .
270 2481 360 2569 quod
370 2492 477 2546 tamen
489 2481 632 2546 medium
641 2482 781 2545 maxime
789 2480 942 2547 idoneum
955 2484 1064 2549 suisset
1072 2484 1114 2548 ad
1123 2507 1236 2550 eorum
1248 2483 1398 2550 fraudem

269 2584 497 2669 detegendam.
507 2585 545 2647 Iit
557 2605 669 2647 revera
682 2584 776 2648 facile
787 2586 966 2670 concipitur
978 2588 1049 2651 illos
1061 2587 1199 2670 codices,
1211 2587 1399 2674 quotidiano

269 2687 480 2752 ecclesiarum
501 2687 749 2771 apostolicarum
771 2707 831 2749 usu
856 2687 956 2772 tritos,
978 2690 1088 2753 charta
1103 2691 1210 2753 forsan
1234 2690 1398 2754 communi

269 2791 446 2873 conlectos,
464 2811 539 2854 mox
557 2797 761 2874 consumptos
777 2789 885 2873 luisse,
906 2791 1038 2856 fortasse
1054 2792 1150 2856 etiam
1165 2791 1323 2877 dispersos
1340 2812 1400 2876 per

270 2893 518 2976 persecutiones,
535 2912 606 2977 que
620 2891 770 2956 ecelesias
783 2891 854 2954 illas
872 2912 936 2955 non
952 2894 1051 2956 semel
1066 2892 1277 2957 turbaverant
1289 2890 1349 2978 (1).

314 2996 347 3057 8.
373 2995 484 3058 Plures
508 3002 616 3059 autem
639 3014 744 3058 causae
768 2993 943 3058 effecerunt
965 3003 1005 3058 ut
1022 2994 1138 3081 scripta
1160 2996 1335 3079 apostolica
1354 2993 1399 3058 ad

271 3099 449 3183 praecipuas
463 3099 614 3163 eeclesias
625 3096 737 3183 rapide
748 3096 949 3162 devenirent.
963 3099 1088 3162 Etenim
1098 3099 1242 3184 Apostoli
1254 3097 1400 3184 quando-

270 3220 335 3284 que
349 3201 524 3265 monebant
538 3200 650 3265 fideles
668 3200 711 3266 ad
725 3222 805 3286 quos
821 3202 969 3286 epistolas
990 3198 1182 3285 dirigebant,
1201 3209 1236 3265 ut
1257 3222 1311 3265 eas
1327 3201 1400 3264 aliis

269 3303 412 3367 ecclesiis
426 3306 700 3369 communicarent
712 3303 773 3389 (2).
791 3304 857 3368 llec
870 3313 939 3367 erat
949 3301 1034 3368 istud
1046 3303 1235 3367 mandatum
1248 3311 1379 3367 necesse
1386 3328 1397 3387 3

305 3614 343 3678 (l)
355 3611 411 3663 Vid.
427 3610 528 3681 Iatrod.
544 3620 601 3674 qao.
618 3622 644 3675 p.
663 3609 784 3661 lov-toa.
799 3610 912 3661 venais
922 3616 950 3661 et
960 3611 1047 3675 Pragae
1059 3612 1292 3669 asservatureodex
1305 3610 1400 3662 latinus

272 3694 401 3759 Evangelii
416 3694 442 3745 S.
463 3688 550 3752 Marci,
565 3703 642 3755 qoem
658 3693 842 3756 autographum
857 3693 953 3743 esses.
969 3692 1046 3745 llaroi
1060 3693 1125 3744 fama
1142 3691 1248 3753 ferebat,
1264 3693 1308 3743 sed
1325 3691 1397 3742 laiso.

271 3780 333 3829 Nam
345 3777 394 3828 iste
408 3775 487 3826 codex
503 3773 601 3823 nonnisi
616 3786 673 3836 pars
685 3780 726 3825 est
739 3774 833 3825 codicis
847 3774 1034 3837 Foroiuliensis,
1049 3788 1100 3838 quo
1113 3773 1277 3825 eontinentur
1289 3780 1401 3838 quatuor

271 3860 416 3924 Evangelia.
434 3857 515 3922 igitur
528 3856 550 3905 si
563 3855 642 3906 codex
660 3857 804 3920 proprias.
827 3856 902 3907 Marci
920 3869 997 3907 mann
1018 3862 1136 3908 exaratos
1153 3855 1252 3918 fuisset,
1269 3862 1403 3920 oporteret

270 3946 298 3996 S.
319 3944 429 3994 Marcum
448 3937 608 3990 transtulisse
623 3937 700 3988 latine
714 3939 811 4001 reliqua
827 3939 875 3989 tria
895 3939 1038 4003 Evangelia,
1057 3940 1124 4003 qood
1143 3939 1305 4003 antiquorum
1321 3951 1401 3991 nemo

270 4026 413 4077 tradiditor
424 4037 482 4074 eum
496 4021 572 4072 Marci
587 4020 691 4070 intorta
707 4028 774 4072 stare
784 4021 883 4085 aequb.
895 4021 1019 4072 Praeterea
1030 4022 1211 4082 versionum,
1225 4032 1301 4084 qnam
1314 4021 1403 4072 conti-

272 4113 315 4156 net
328 4107 377 4157 iste
386 4106 475 4165 codex,
484 4108 525 4157 est
537 4102 619 4155 versio
631 4103 658 4153 S.
666 4101 821 4166 Hieronymi,
832 4104 900 4167 quod
912 4109 980 4167 patet
991 4117 1023 4154 ex
1033 4102 1103 4155 edito
1113 4102 1253 4167 fragmento
1262 4102 1400 4166 pragense.

272 4187 330 4238 vid.
346 4186 468 4245 emmer,
483 4185 537 4239 tit.
551 4185 596 4235 eit.
610 4181 625 4249 ς
639 4184 681 4245 lt,
696 4198 722 4234 n.
738 4184 763 4234 t
1138 4226 1142 4232 .

306 4267 344 4332 (Ξ)
355 4269 397 4320 Sic
408 4271 435 4320 S.
450 4268 548 4321 Paulas
556 4266 589 4317 ad
600 4265 687 4318 Color.
698 4265 739 4327 lt,
750 4266 800 4316 to:
815 4265 899 4328 Quom
909 4268 974 4317 taeta
983 4268 1064 4331 faerit
1075 4266 1147 4333 opud
1158 4277 1205 4318 aas
1216 4264 1398 4331 epistolatim,

272 4354 352 4416 [aare
363 4359 391 4406 at
403 4359 428 4406 et
439 4353 468 4405 o·
482 4353 676 4405 medicantium
693 4352 800 4404 coclerio
817 4352 925 4420 tenatur.
