3166 4958
309 323 385 366 rans
402 322 425 362 1.
441 319 537 361 aarur
548 318 632 361 xxiv.
647 318 684 359 nn
701 318 854 360 nuonnoru
864 318 1026 364 rnoraurrs
1040 323 1216 369 urnomnus.
1243 376 1251 395 ,
1264 309 1327 371 179

188 423 442 509 prophetiarum
465 427 540 483 nota
564 425 611 480 est
632 439 640 479 ε
665 414 757 498 0666,
782 417 865 499 Joel,
891 417 1005 502 Amos,
1030 420 1177 506 Abdias,
1201 425 1324 509 Jonas,

190 528 357 607 Michaeas,
386 525 526 605 Nahum,
549 521 714 604 Hahacuc,
740 520 930 606 Sophonias,
956 524 1102 609 Aggaeus,
1128 525 1324 610 Zacharias,

188 630 383 694 Malachias.
399 627 567 709 Paulisper
578 622 684 687 differt
693 644 752 709 pro
762 626 904 709 quinque
914 625 1072 709 prioribus
1083 626 1161 692 ordo
1174 631 1326 694 versionis

190 731 295 811 LXX,
309 730 372 794 hoo
393 725 515 792 modo:
537 724 628 807 Osee,
649 724 759 809 Amos,
778 726 935 808 Michaeas,
957 728 1038 810 loel,
1062 728 1194 814 Ahdias,
1213 732 1324 815 Jonas,

189 832 314 918 reliqui
327 840 363 895 ut
378 832 411 893 in
427 828 569 893 hehraeo.

243 934 276 997 t.
301 932 477 997 Duodecim
501 932 535 994 hi
561 931 729 1016 Propheta
751 930 860 1015 lingua
886 931 1037 999 hebraica
1061 954 1182 1017 omnes,
1208 935 1325 1022 dispari

190 1047 308 1101 tamen
320 1036 398 1121 stylo
411 1045 508 1120 atque
525 1032 644 1118 dispari
662 1034 817 1097 sermonis
834 1036 982 1119 puritate,
1005 1058 1062 1100 sua
1080 1037 1228 1102 vaticinia
1247 1061 1326 1103 exa-

189 1147 322 1202 rarunt.
335 1135 429 1217 Quod
442 1144 550 1200 autem
563 1135 674 1198 attinet
686 1157 797 1199 eorum
810 1139 1043 1222 auctoritatem,
1063 1138 1142 1203 illud
1160 1138 1326 1205 dumtaxat

189 1241 252 1305 hic
270 1239 429 1303 monuisse
444 1237 579 1301 sufficiat
594 1235 764 1301 duodecim
782 1238 957 1323 Prophetas
973 1250 1004 1303 et
1021 1242 1053 1303 in
1078 1236 1240 1325 Scriptura
1265 1264 1327 1305 66-

190 1345 272 1429 pius
294 1342 425 1426 allegari
448 1341 533 1405 etin
557 1338 704 1404 omnibus
727 1340 962 1426 scripturarum
990 1343 1164 1408 canonibus
1187 1344 1262 1408 inde
1284 1344 1326 1409 ab

191 1444 470 1510 initiorreoenseri.
920 1438 922 1441 ’

687 1673 718 1735 1.
747 1669 834 1737 Osee.

243 1892 276 1955 5.
296 1890 375 1955 Osee
390 1891 514 1991 (potin),
533 1891 626 1955 Becri
645 1892 740 1974 filiu's,
766 1891 952 1955 vaticinatus
975 1901 1021 1955 est
1040 1894 1072 1955 in
1097 1890 1210 1956 diebus
1233 1893 1325 1976 Ozias,

190 2011 348 2093 Joathan,
374 2011 481 2076 Achaz
503 2020 533 2075 et
551 2011 702 2093 Ezechiae,
727 2032 839 2097 regum
859 2008 962 2092 tuda,
984 2020 1016 2074 et
1037 2012 1070 2077 in
1096 2010 1210 2076 diebus
1229 2014 1327 2077 Jero-

190 2114 308 2178 boemi
329 2114 370 2197 11,
395 2115 480 2199 regis
502 2115 612 2177 Israel.
632 2113 760 2177 Cooevus
782 2115 878 2198 igitur
893 2114 954 2177 fuit
974 2113 1062 2177 lsaiae
1079 2115 1257 2199 Propheta,
1283 2127 1325 2198 et,

94 2234 97 2241 ·
190 2217 280 2281 sicut
296 2216 361 2300 ille,
376 2214 563 2298 diutissime,
582 2236 639 2300 per
657 2217 818 2300 sexaginta
836 2216 961 2280 circiter
977 2236 1089 2298 annos,
1107 2217 1322 2301 prophetavit.

195 2342 215 2377 a
235 2318 329 2401 Osce,
350 2319 452 2405 inquit
469 2318 502 2383 S.
515 2319 726 2404 Hieronymus
742 2319 802 2404 (1),
823 2318 1029 2383 commaticus
1048 2327 1095 2381 est
1110 2328 1141 2382 et
1153 2320 1244 2404 quasi
1264 2341 1323 2405 per

191 2421 368 2485 sententias
386 2420 538 2505 loquitur.
565 2446 580 2481 o
607 2417 689 2484 Hinc
718 2417 786 2505 ejus
814 2418 909 2483 dictio
933 2419 1044 2503 saepius
1066 2418 1200 2484 obscura
1225 2430 1272 2483 est
1292 2430 1322 2484 ct

191 2522 315 2587 multas
331 2522 556 2607 interpretibus
577 2522 692 2607 ingerit
711 2520 922 2587 difficultates.

241 2625 274 2687 6.
284 2625 515 2709 Argumentum.
526 2623 606 2689 Osee
618 2625 767 2689 vaticinia
781 2623 948 2688 commode
960 2625 993 2688 in
1005 2623 1085 2688 duas
1097 2636 1202 2710 partes
1217 2626 1324 2690 distin-

192 2736 349 2813 guuntur.
368 2728 405 2791 In
422 2729 526 2812 prima
540 2736 629 2813 parte
652 2713 772 2813 (1-111),
788 2727 847 2791 suh
867 2726 968 2812 figura
984 2728 1126 2792 mulieris
1144 2728 1322 2793 fornicariae

192 2828 241 2893 ah
271 2828 351 2914 ipso,
374 2828 468 2915 jussu
496 2830 565 2914 Dei,
598 2830 634 2892 in·
646 2850 779 2893 uxorem
802 2828 910 2912 ducta,
936 2840 1140 2915 representat
1163 2832 1323 2915 Propheta

192 2931 357 2995 Israelitas
372 2953 392 2994 a
407 2933 474 2997 Deo
487 2953 544 3017 per
568 2931 812 2996 fornicationem
830 2952 904 2995 cum
922 2929 1014 2994 idolis
1030 2952 1085 2994 seu
1100 2953 1158 3016 per
1183 2931 1322 2996 idolola-

193 3034 294 3097 triam
312 3054 453 3099 aversos.
473 3033 549 3098 Haec
567 3036 682 3099 mulier
694 3043 758 3098 tres
775 3034 874 3119 gignit
890 3032 1007 3097 liheros
1023 3055 1161 3118 quorum
1178 3035 1320 3116 nomina,

133 3140 137 3145 ’
194 3137 371 3221 interprete
401 3136 493 3220 Osee,
518 3136 696 3222 significant
718 3138 875 3200 israelitas
904 3135 946 3199 oh
974 3133 1187 3200 idololatriam
1216 3138 1322 3202 aDeo

195 3235 388 3322 rejiciendos
407 3248 439 3302 et
454 3239 604 3323 gravibus
622 3241 715 3303 malis
735 3236 931 3323 affligendos.
950 3237 1096 3302 Praedicit
1112 3248 1219 3304 autem
1238 3236 1322 3304 Pro-

196 3338 296 3423 pheta
316 3340 385 3404 fore
405 3348 440 3404 ut
461 3341 621 3423 Israelita,
646 3341 703 3404 Dei
727 3338 978 3404 misericordiam
998 3342 1170 3422 consecuti,
1196 3342 1227 3404 in
1253 3341 1322 3428 ejus

198 3442 335 3526 gratiam
352 3440 495 3506 redeant.
515 3442 596 3524 Quia
610 3466 684 3507 vero
698 3443 847 3507 Israelitae
860 3440 1036 3507 idololatra
1056 3443 1187 3528 gentiles
1202 3465 1321 3529 reprae-

199 3550 335 3627 sentent,
357 3544 433 3609 hine
450 3547 553 3631 typice
574 3546 734 3632 Propheta
762 3544 906 3630 praedicit
920 3546 1160 3611 conversionem
1180 3547 1321 3631 gentium

200 3643 244 3710 ad
259 3646 429 3731 Christum,
450 3657 485 3711 ut
502 3647 595 3712 docet
607 3669 664 3713 nos
684 3647 775 3711 divus
790 3648 906 3712 Paulus
926 3648 985 3733 (2).
1008 3649 1129 3712 Rursus
1149 3646 1241 3731 Osee,
1261 3648 1321 3712 suh

200 3746 302 3832 figura
318 3750 425 3813 uxoris
449 3748 599 3814 adulterae
614 3771 712 3836 quam
733 3749 882 3814 dilectam
901 3759 932 3813 et
949 3751 1049 3834 pretio
1066 3758 1206 3833 emptam
1225 3748 1267 3812 ad
1288 3771 1321 3833 se

199 3871 266 3914 non
289 3852 395 3914 statim
419 3853 574 3934 accersit,
600 3851 655 3916 sed
679 3852 746 3916 dies
769 3853 887 3916 multos
916 3851 1036 3937 ahsque
1065 3851 1133 3914 viro
1154 3860 1321 3933 expectare

194 3950 302 4038 jubet,
315 3951 394 4017 dum
409 3962 439 4016 et
450 3954 516 4039 ipse
530 3976 601 4018 eam
617 3964 787 4041 exspectat,
802 3954 943 4040 praedicit
955 3953 1111 4017 Israelitas
1123 3950 1191 4015 dies
1206 3953 1323 4016 multos

199 4054 271 4119 iore
283 4054 350 4119 sine
362 4055 506 4140 principe
519 4065 549 4121 et
561 4057 728 4142 sacrificio,
746 4068 818 4143 post
829 4055 1012 4121 diuturnam
1024 4075 1100 4120 vero
1112 4054 1204 4118 istam
1217 4075 1325 4140 repro·

236 4256 271 4325 (l)
283 4258 360 4320 Proes.
373 4258 403 4308 in
413 4258 466 4310 XII
478 4256 631 4323 Prophetae.

234 4337 270 4405 (2)
281 4338 352 4392 hom.
364 4338 406 4404 lx,
418 4339 508 4393 att-m.
