3168 4948
254 331 329 398 *276
497 350 696 396 rsrnonucrro
713 349 860 392 sracrams
878 349 910 390 nr
924 349 951 391 s.
969 349 1168 391 scmrruaan.

266 463 410 517 asserunt
435 453 531 516 talem
556 471 623 514 esse
641 444 855 513 Ecclesiarum
880 445 1082 510 traditionem
1101 468 1109 509 r
1127 470 1142 505 o
1159 449 1208 510 Ec
1234 449 1402 513 traditione

267 560 375 640 occepi,
394 555 497 640 inquit
515 552 666 636 Origenes
683 550 743 635 (l),
762 547 802 613 de
819 558 958 635 quatuor
974 550 1154 634 Evangeliis
1179 571 1250 635 quaa
1275 552 1344 615 sola
1362 552 1401 614 in

266 662 408 722 uniuerso
424 660 483 721 Dci
505 654 648 727 Ecclesia,
666 674 733 739 qrrae
755 651 809 717 sub
833 651 901 714 coelo
915 663 969 726 ast,
988 654 1064 715 citra
1084 656 1316 717 controversiam
1334 654 1399 717 od-

267 764 438 823 nn'ttuntur.
458 755 617 821 »Nedum
643 756 737 839 igitur
758 753 940 839 apocrypha
965 755 1155 818 authenticis
1181 765 1329 837 noceant,
1357 776 1397 818 aa

267 861 371 944 potius
387 859 588 924 confirmant.
607 857 776 938 Quomodo
801 858 886 920 enim
905 867 1077 942 potuerunt
1092 859 1202 922 Patras
1216 870 1247 923 et
1264 860 1400 945 antiqua

266 963 406 1027 Ecclesia
416 962 607 1049 'apocrypha
620 982 639 1024 a
653 959 812 1025 canonicis
826 957 1031 1044 distinguere,
1047 961 1105 1024 nisi
1124 962 1200 1046 qaia
1217 962 1292 1047 ipsis
1309 971 1398 1026 certo

253 1063 433 1128 ,constabat
457 1064 499 1128 de
526 1064 699 1148 apostolica
727 1063 974 1147 Evangeliorum
1003 1063 1231 1127 canonicorum
1260 1064 1396 1149 origine,

268 1189 332 1231 non
349 1169 393 1232 sic
405 1166 446 1231 de
462 1175 533 1231 ortu
551 1165 716 1230 aliorum?
845 1252 848 1257 y

313 1271 366 1335 64.
385 1268 652 1352 Tischendorfius,
672 1271 718 1332 vir
735 1269 782 1332 rei
804 1268 919 1333 criticae
946 1267 1040 1334 valde
1067 1270 1198 1354 peritus,
1225 1279 1396 1356 postquam

269 1371 309 1436 de
326 1374 447 1458 origine
464 1382 495 1436 et
512 1393 571 1435 usu
586 1371 833 1456 Evangeliorum
848 1373 1105 1456 apocryphorum
1127 1371 1220 1437 docte
1236 1372 1394 1453 disseruit,

269 1476 374 1538 statuit
407 1475 635 1538 canonicorum
669 1474 872 1537 authentiam¹
890 1474 1080 1560 apocryphis
1104 1476 1271 1539 sustentari
1295 1474 1397 1537 tribus

270 1576 373 1641 modis
400 1601 407 1639 ε
433 1578 560 1661 primo,
600 1597 638 1640 eo
672 1574 760 1660 quod
781 1577 968 1661 apocrypha
991 1585 1145 1641 testantur
1168 1579 1397 1642 canonicorum

269 1682 491 1744 auctoritatem
511 1681 582 1766 jam
598 1688 672 1743 ante
687 1678 830 1743 medium
844 1679 995 1743 saeoulum
1015 1679 1191 1744 secundum
1209 1682 1241 1744 in
1256 1680 1398 1745 Ecclesia

270 1803 422 1867 magnam
437 1782 544 1846 fuisse.
558 1780 718 1864 Secundo,
728 1803 766 1846 eo
780 1780 867 1866 quod
880 1782 1110 1846 miraculorum
1123 1780 1245 1847 indoles
1257 1784 1290 1846 in
1302 1783 1398 1845 utris·

273 1904 336 1969 que
352 1884 489 1947 multum
508 1881 625 1946 differt.
643 1883 681 1945 In
699 1882 859 1947 canonicis
875 1882 1031 1946 miracula
1047 1883 1173 1947 elucent
1188 1881 1296 1946 divina
1312 1903 1398 1967 qua-

273 1984 349 2049 dam
363 1983 515 2070 dignitate
530 1994 561 2049 et
576 1984 732 2049 beneficia
748 1985 779 2047 in
803 1984 950 2048 homines
966 1986 1141 2070 continent3
1158 1987 1191 2049 in
1207 1984 1400 2070 apocryphis

273 2109 348 2152 vero
372 2097 553 2172 portentum
578 2088 705 2171 sapiunt
731 2097 761 2151 et
781 2087 950 2150 utilitatem
971 2089 1093 2153 nullam
1117 2108 1225 2151 secum
1248 2086 1397 2150 afferunt.

272 2192 395 2255 Tertius
413 2188 528 2254 modus
552 2190 692 2254 consistit
720 2191 752 2252 in
779 2187 905 2253 diversa
928 2199 1030 2252 textus
1058 2191 1180 2253 ratione
1205 2191 1324 2254 critica.
1351 2189 1399 2252 Ex

272 2296 366 2377 mira,
385 2315 445 2378 qua
459 2294 607 2358 laborant
619 2294 816 2378 apocrypha,
831 2302 933 2357 textus
948 2292 1154 2377 ambiguitate
1170 2302 1201 2356 et
1215 2295 1401 2357 inconstan-

273 2398 328 2469 tia,
348 2396 469 2461 fraudis
484 2398 728 2480 convincuntur3
742 2398 818 2482 quia
834 2397 975 2461 animab
991 2398 1079 2461 initio
1098 2397 1220 2461 nullam
1236 2396 1402 2462 habebant

273 2501 505 2582 auctoritatem,
532 2501 750 2584 unusquisque
775 2522 834 2584 pro
855 2499 947 2564 libitu
962 2521 1000 2565 ea
1023 2500 1213 2564 immutavit.
1239 2499 1400 2564 Canoniea

274 2611 393 2684 autem,
409 2604 484 2688 qnia
498 2603 602 2665 statim
615 2623 654 2666 ac
666 2599 749 2665 edita
765 2602 905 2685 luerunt,
917 2623 990 2667 eum
1002 2604 1207 2668 veneratione
1219 2603 1403 2688 apostolieae

275 2704 403 2789 originis
420 2713 565 2789 suscepta
589 2704 692 2788 fuere,
709 2704 877 2768 immutata
895 2714 1019 2769 servata
1038 2713 1111 2769 sunt
1126 2715 1158 2769 et
1173 2727 1284 2770 eorum
1298 2714 1404 2769 textus

275 2829 313 2871 ea
326 2809 429 2872 solum
442 2805 557 2872 menda
572 2807 729 2873 contraxit
743 2829 814 2893 quae
827 2830 866 2872 ex
878 2807 1006 2873 defectu
1022 2810 1264 2873 amanuensium
1279 2829 1404 2893 prove-

217 2965 220 2973 .
276 2911 438 2997 niunt(2).
542 2968 547 2977 .

753 3129 924 3196 Conclusio.

320 3351 373 3416 65.
392 3353 451 3415 Hic
466 3346 602 3436 gradum
618 3350 715 3437 figere
732 3370 910 3434 possumus.
932 3349 1225 3412 Demonstravimus
1242 3351 1406 3416 internam

277 3453 524 3539 Evangeliorum
542 3451 682 3517 indolem
701 3452 833 3516 innuere
859 3461 1005 3516 auctores
1028 3452 1139 3537 quales
1162 3462 1235 3515 sunt
1257 3453 1407 3537 Apostoli

279 3577 455 3641 corumque
478 3553 648 3640 discipuli,
678 3553 966 3618 demonstravimus
995 3553 1190 3639 impossibile
1214 3576 1282 3619 esse
1305 3557 1406 3621 aliam

278 3667 401 3722 aetatem
419 3658 598 3743 Evangeliis
611 3678 791 3743 supponere
804 3678 901 3742 quam
917 3677 1020 3720 aevum
1033 3657 1243 3741 apostolieum
1257 3667 1312 3722 aut
1323 3659 1406 3725 alios

278 3771 423 3826 auctores
442 3783 539 3847 quam
556 3770 678 3825 nostros
696 3760 932 3844 Evangelistas3
957 3756 1244 3822 demonstravimus
1260 3762 1405 3825 testimo·

248 3885 250 3888 ⁴
279 3870 338 3932 niis
353 3868 521 3951 historicis,
541 3888 611 3953 quae
628 3867 805 3931 testimonia
825 3876 897 3931 sunt
917 3866 948 3929 in
969 3867 1031 3929 hac
1055 3887 1090 3929 re
1106 3866 1193 3929 omni
1217 3865 1404 3950 exceptione

312 4130 347 4195 (t)
361 4131 434 4192 apud
447 4130 540 4181 Eusch.
559 4129 626 4180 Hist.
642 4129 713 4182 Eccl.
726 4128 767 4189 Vl,
783 4127 824 4179 23.

313 4210 348 4272 (2)
363 4210 414 4261 Cir.
432 4210 614 4272 Tischeudort„
626 4210 663 4262 Da
674 4210 875 4276 anooolioram
886 4211 1095 4278 apocryphorum
1109 4211 1209 4277 eripior
1224 4216 1247 4262 et
1260 4223 1318 4261 aaa.
1330 4208 1407 4274 flagae

281 4293 371 4345 comit.
389 4293 461 4344 1851.
474 4301 538 4356 part.
550 4292 576 4355 Ξ,
586 4291 600 4360 5
612 4292 667 4345 6-8.
679 4293 741 4344 Vide
757 4293 834 4344 etiam
848 4292 884 4344 tu.
899 4295 928 4346 o.
944 4295 1059 4358 Freppel,
1076 4295 1120 4346 tes
1130 4293 1208 4344 Pe'res
1221 4291 1404 4358 apostolieum,

280 4375 307 4426 20
322 4377 404 4439 lacon,
419 4390 442 4439 p.
459 4374 543 4426 saar.
