3134 4934
252 290 316 354 ⁴⁰8
543 338 550 347 ·
716 305 808 351 meu
830 303 951 350 naam.

253 410 356 495 Caput
376 408 434 475 lv.
452 408 498 473 Ile
514 406 648 474 Aetiltos
665 407 902 495 Apostolorum.

255 512 357 597 Caput
380 511 421 578 V.
444 513 490 575 De
508 511 754 599 quatuordecim
766 512 798 577 S.
818 512 911 578 Pauli
926 512 1089 597 Epistolis.

432 615 459 678 I.
477 615 557 681 Vitae
572 614 664 680 Pauli
677 613 784 680 brevis
801 614 986 679 delineatio.

432 718 474 781 Π.
492 717 538 782 Ile
556 717 679 800 ordine,
699 738 834 783 numero
854 726 886 781 et
904 715 985 802 stylo
999 715 1231 800 Epistolarum.

432 823 490 887 III.
510 823 557 886 De
573 823 761 887 auctoritate
775 820 991 906 Epistolarum
1008 818 1042 882 S.
1061 818 1166 882 Pauli.

433 926 490 993 IV.
510 927 556 990 De
574 926 716 1011 Epistola
733 923 776 988 ad
796 925 974 990 Romanos.

435 1026 476 1093 V.
496 1028 543 1091 De
562 1027 710 1112 Epistolis
726 1025 768 1090 ad
787 1026 978 1092 Corinthios.

478 1128 498 1217 S
520 1132 553 1194 l.
579 1130 687 1203 Prima
702 1126 745 1194 ad
762 1130 940 1194 Corinthios
953 1128 1107 1215 Epistola.

437 1306 439 1309 ¹
479 1230 499 1318 g
523 1233 554 1296 2.
581 1230 728 1296 Secunda
748 1230 790 1295 ad
811 1231 991 1297 Corinthios
1014 1230 1169 1316 Epistola.

434 1335 490 1402 Vl.
510 1336 556 1399 De
572 1334 713 1419 Epistola
729 1333 771 1398 ad
791 1333 933 1399 Galatas.

435 1439 506 1505 Vll.
528 1440 574 1501 De
589 1439 728 1522 Epistola
744 1436 787 1501 ad
802 1438 967 1522 Ephesios.

434 1540 521 1607 VIII.
539 1541 587 1602 De
601 1539 742 1625 Epistola
761 1538 803 1603 ad
820 1540 1052 1625 Philippenses.

434 1643 492 1707 IX.
508 1644 555 1706 Ite
576 1642 717 1727 Epistola
732 1641 774 1706 ad
792 1642 1007 1708 colossenses.

434 1747 476 1810 X.
494 1746 541 1810 De
555 1744 681 1810 duabus
693 1744 735 1809 ad
751 1746 1047 1813 Thessalonicenses
1061 1747 1226 1832 Epistolis.

335 1868 341 1881 .
434 1851 491 1913 XI.
512 1851 558 1913 Ile
572 1848 674 1912 tribus
686 1849 778 1913 Pauli
794 1849 942 1932 Epistolis
959 1850 1190 1915 Pastoralihus.

435 1953 507 2016 XII.
527 1952 574 2015 Ile
594 1951 734 2036 Epistola
754 1949 797 2014 ad
812 1951 1046 2019 Philemonem.

435 2057 523 2119 XllI.
547 2055 593 2117 De
613 2054 754 2139 Epistola
771 2052 813 2117 ad
829 2053 993 2119 Hebreos.

262 2165 364 2249 Caput
386 2161 442 2227 VI.
459 2161 507 2223 De
522 2158 651 2243 Septem
666 2157 814 2241 Epistolis
833 2157 1014 2222 Catholicis.

437 2264 464 2327 Ι.
483 2263 529 2325 De
543 2260 683 2345 Epistola
699 2260 732 2323 S.
748 2260 873 2324 Jaoohi.

435 2367 478 2430 11.
494 2366 541 2429 De
556 2363 683 2428 duabus
700 2363 732 2427 S.
750 2363 836 2426 Petri
851 2362 1010 2448 Epistolis.

437 2469 495 2533 III.
516 2468 562 2531 De
580 2466 682 2530 tribus
697 2466 729 2528 S.
747 2465 881 2530 Ioannis
898 2466 1058 2551 Epistolis.-

438 2572 494 2639 lv.
514 2572 561 2633 De
576 2566 667 2632 Judae
684 2568 835 2652 Epistola.

266 2682 367 2765 Caput
389 2676 463 2744 Vll.
478 2674 526 2738 oe
539 2670 743 2756 Apocalypsi.
