3142 4964
259 311 283 378 d
311 359 315 365 -
487 334 687 377 mrnouucrro
706 335 853 378 srnounrs
869 335 901 376 m
919 333 945 377 s.
964 303 1175 379 senseramus(

258 430 488 519 Redemptoris
511 435 691 518 promissio,
710 436 840 500 historia
866 432 989 516 diluvii,
1008 430 1120 497 divisio
1143 435 1310 500 hominum
1333 457 1391 521 por

249 524 368 600 ‘varias
384 538 529 622 regiones
545 547 641 624 atque
656 539 841 624 linguarum
854 536 998 603 conlusio
1010 536 1147 623 (I-XI*).
1163 538 1270 620 Quum
1281 541 1390 604 homi-

264 659 332 720 nes,
343 659 435 702 ‹verae
454 639 615 723 religionis
633 624 850 724 immemiires,
871 641 958 704 cultu
973 636 1134 707 idolorum
1154 640 1186 703 in
1205 639 1272 704 dies
1289 643 1390 727 magis

264 741 430 826 magisque
442 762 475 804 se
492 742 758 835 contaminarent,
776 744 862 807 Deus
874 741 933 805 sibi
949 740 1043 826 elegit
1060 740 1282 807 Abrabamum
1301 743 1390 830 ejus-

265 865 328 929 que
350 853 494 929 posteros
518 844 550 906 in
571 846 728 929 populum
755 846 964 930 peculiarem,
989 843 1074 929 apud
1106 866 1202 931 quem
1223 868 1324 933 usque
1348 847 1390 911 ad

96 960 189 1063 sept
264 944 439 1010 adventum
464 946 577 1011 Christi
602 948 814 1033 vera'religio
835 956 1026 1013 servaretur.
1057 945 1180 1012 Idcirco
1204 949 1289 1013 Deus
1316 971 1390 1014 cum

93 1012 116 1069 4
167 1015 185 1066 Ἰ
263 1050 449 1115 Abrahamo
467 1048 571 1114 loedus
588 1051 667 1134 iniit,
689 1060 808 1116 terram
824 1052 975 1117 Chanaan
991 1051 1034 1115 ab
1052 1050 1120 1136 ejus
1137 1054 1270 1136 posteris
1285 1054 1391 1137 possi-

145 1150 176 1315 3
264 1153 405 1219 dendam
429 1153 746 1253 Redemptoremque
770 1178 809 1219 ex
825 1154 894 1241 ejus
917 1156 1038 1218 semine
1055 1154 1227 1219 oriundum
1251 1157 1391 1241 repetitis

86 1206 131 1315 li
178 1206 220 1301 ζ
263 1257 387 1321 vicibus
402 1258 558 1342 promisit,
577 1257 724 1342 imposita
751 1260 783 1321 in
807 1255 903 1343 hujus
926 1255 1055 1321 foederis
1071 1257 1195 1342 signnm
1218 1259 1390 1322 circumci-

264 1361 362 1425 sione.
382 1360 591 1425 Continuatur
605 1361 734 1425 historia
753 1362 864 1446 populi
881 1361 972 1425 electi
997 1378 1096 1445 usque
1120 1359 1162 1424 ad
1179 1360 1246 1446 ejus
1264 1362 1391 1445 ingres-

140 1499 143 1505 ·
264 1484 335 1526 sum
352 1464 384 1525 in
401 1465 572 1548 AEgyptum
585 1470 616 1526 et
634 1471 770 1526 mortem
791 1461 915 1526 Jacobi.
936 1462 971 1524 ln
987 1462 1047 1525 bac
1062 1470 1152 1545 parte
1167 1459 1390 1548 describuntur

265 1564 455 1647 Abrabami,
470 1566 583 1647 lsaaci,
602 1558 715 1629 Jacobi
733 1573 765 1628 et
780 1565 910 1650 Josepbi
930 1573 1015 1649 gesta
1032 1549 1193 1650 (xli-Lm

32 1610 213 1751 adid»
251 1701 259 1717 ‹·
307 1667 340 1730 5.
354 1639 646 1761 llirdiQandm
670 1688 744 1731 cum
768 1668 917 1732 servitute
940 1666 1150 1731 Hebraeorum
1180 1666 1213 1728 in
1240 1668 1387 1752 AEgypto.

88 1815 92 1825 .
116 1765 125 1787 “’
200 1796 218 1833 a
263 1771 385 1854 Moyses
398 1768 548 1833 divinitus
566 1770 664 1834 aDeo
681 1769 832 1834 excitatus
848 1769 1006 1833 israelitas
1023 1769 1225 1849 miraculoso,
1240 1789 1389 1853 percussa

95 1116 196 1170 ,sumpt

261 1875 397 1957 AEgypto
413 1869 526 1935 decem
540 1872 688 1956 plagis,·e
701 1892 800 1935 manu
812 1872 989 1935 Pharaonis
1004 1870 1120 1935 liberat
1134 1871 1266 1956 (l-Xll).
1285 1872 1389 1936 lsrae-
1510 1922 1515 1925 .

241 1962 244 1969 ¹
261 1976 336 2055 tire,
351 1975 512 2039 celebrato
525 1936 798 2057 Paiddlid‘teffduce
815 1976 921 2060 Moyse
938 1985 968 2039 et
980 1975 1066 2039 nube
1082 1984 1278 2060 protegente,
1298 1996 1389 2038 mare
1494 1974 1501 1980 '
1568 2032 1569 2043 ,

261 2075 410 2141 Rubrum
423 2077 508 2140 sicco
520 2075 603 2161 pede
615 2085 792 2159 transeunt,
807 2076 885 2140 dum
897 2062 1023 2141 Pharao
1038 2097 1111 2141 cum
1125 2097 1182 2141 suo
1195 2077 1335 2140 exercitu
1354 2077 1388 2139 in

28 2187 120 2280 W·
137 2175 226 2325 ligii*
262 2179 353 2264 aquis
365 2177 562 2264 demergitur
575 2178 763 2264 (XIII-XV).
782 2176 924 2293 Populus
937 2177 1083 2242 hebraeus
1094 2180 1197 2263 pergit
1209 2200 1267 2262 per
1278 2176 1389 2245 desar-

137 2294 142 2303 ‘
261 2290 330 2343 tum
343 2301 446 2365 usque
459 2280 502 2345 ad
514 2282 623 2345 locum
636 2282 765 2344 nomine
779 2281 846 2362 Sin,
854 2281 910 2343 ubi
924 2302 1041 2344 manna
1055 2279 1095 2343 de
1110 2280 1189 2344 coslo
1201 2281 1306 2364 prima
1317 2279 1388 2343 vice

227 2462 228 2467 ἵ
260 2384 342 2468 pluit
353 2384 386 2446 in
401 2381 509 2446 cibum
522 2383 635 2468 (XVI).
650 2381 772 2446 Exinde
789 2382 924 2467 proiecti
941 2383 1089 2460 Israelita
1108 2390 1251 2466 pugnant
1268 2379 1389 2445 adver-

263 2507 316 2549 sus
328 2478 463 2549 limalec
475 2494 506 2549 et
517 2486 707 2570 perveniunt
723 2484 766 2549 ad
778 2484 902 2549 radices
913 2486 1029 2549 montis
1041 2485 1140 2549 Sinai.
1154 2485 1196 2547 In
1206 2485 1263 2548 isto
1276 2486 1389 2549 itinere

264 2589 395 2672 Moyses,
410 2587 563 2652 suadente
576 2589 699 2671 Jethro,
713 2589 854 2652 seniores
866 2589 997 2652 instituit
1013 2586 1054 2652 ad
1063 2585 1277 2673 judicandum
1288 2608 1389 2671 popu·

263 2692 330 2753 lum
346 2691 576 2778 (XVII-XVIII
594 2739 601 2774 ,
618 2691 814 2795 Regeruntur
829 2690 946 2755 deinde
962 2688 1134 2775 decalogus
1149 2712 1166 2753 a
1184 2691 1251 2753 Deo
1266 2691 1387 2775 populo

263 2791 367 2875 datus,
386 2803 566 2880 praecepta]
615 2794 732 2878 icialia,
746 2793 890 2876 decimae,
906 2794 1025 2858 oblatio
1039 2794 1251 2878 primitiarum
1264 2801 1295 2855 et
1306 2793 1387 2856 festa

261 2897 382 2981 populo
403 2897 551 2981 imposita
573 2897 795 2983 (xlx-xxv).
816 2898 961 2983 Denique
984 2896 1153 2981 descriptio
1175 2894 1386 2977 tabernaculi,

262 3020 344 3062 arcae
358 2997 498 3082 foederis,
515 3001 675 3083 altarium,
694 3021 844 3064 rasorum
863 3009 959 3086 atque
979 3000 1261 3062 instrumentorum
1279 2995 1387 3060 taber-

262 3106 378 3168 naculo
392 3105 644 3184 inservientium,
664 3105 800 3169 vestium
817 3105 953 3167 Aaronis
969 3112 999 3167 ct
1013 3101 1221 3167 dedicationis
1237 3101 1386 3164 taberna-

124 3206 142 3301 ς
263 3205 326 3279 aas
344 3185 845 3312 unrumuauaa(xxv1-xs)]

30 3346 63 3369 .„
80 3300 130 3365 aa
203 3328 222 3407 ⁸)
281 3300 337 3390 [Α
357 3309 393 3370 ln
409 3311 537 3372 Leuitico
550 3307 741 3373 describitur
756 3311 808 3372 lex
821 3309 1048 3373 caeremoniaIis
1064 3329 1083 3371 a
1099 3308 1165 3370 Deo
1180 3326 1238 3389 per
1258 3304 1386 3387 Moysen

151 3420 153 3429 “
209 3410 212 3419 '
263 3409 383 3491 populo
396 3408 525 3473 hebraeo
540 3387 632 3503 delfi
646 3411 683 3473 Et
696 3411 801 3495 primo
815 3409 946 3496 quidem
958 3417 1163 3473 recensentur
1174 3406 1252 3469 ritus
1265 3401 1386 3467 sacrifi-

138 3566 142 3573 ,
264 3512 387 3589 ciorum
410 3523 441 3576 et
463 3522 692 3583 enumerantur
715 3513 851 3577 victimae
882 3511 1052 3577 offerenda
1082 3508 1207 3595 (l-vll).
1238 3507 1387 3592 Sequitur

264 3617 459 3679 consecratio
475 3615 610 3680 Aaronis
628 3625 659 3679 et
676 3615 816 3679 filiorum
835 3614 904 3701 ejus
920 3616 952 3678 in
966 3613 1145 3679 sacerdotes
1164 3618 1260 3695 atque
1274 3606 1386 3671 taher-

264 3718 369 3781 uaculi
397 3739 471 3782 cum
499 3717 567 3804 ejus
590 3719 778 3803 supellectili
794 3717 958 3803 (VIII-X).
974 3715 1216 3801 subjunguntur
1236 3714 1321 3795 leges
1344 3709 1386 3772 de
1431 3724 1435 3731 ⁴

262 3821 454 3885 animalibus
470 3820 598 3885 mundis
619 3831 649 3886 et
666 3820 839 3885 immundis
855 3822 988 3906 aliisque
1006 3815 1213 3883 immunditiis
1230 3812 1387 3898 legalibus

261 3924 425 4008 (XI-XV),
455 3923 495 3988 de
519 3924 674 3989 sacrificio
705 3925 892 4009 expiationis
915 3922 1028 4008 (XVI),
1056 3919 1097 3984 de
1125 3940 1189 3982 non
1215 3913 1386 3982 offerendis

261 4026 396 4090 victimis
411 4027 469 4089 nisi
485 4026 526 4091 ad
550 4029 664 4092 ostium
689 4026 886 4091 tabernaculi
904 4025 1033 4110 (XVII),
1051 4022 1092 4087 de
1114 4019 1250 4086 vitandis
1269 4019 1386 4081 illicitis

294 4272 437 4327 *Romana
456 4290 619 4328 numerorum
634 4284 709 4338 nota,
727 4276 843 4328 adbibita
854 4276 880 4325 in
895 4274 1065 4326 exscribendis
1080 4273 1200 4323 librorum
1217 4269 1384 4332 argumentis,

263 4356 344 4418 capita
356 4357 477 4408 iudicant.
