3168 4948
240 279 303 343 544
472 301 673 344 mrnouucrlo
689 300 837 344 sructauts
852 301 885 341 m
902 300 927 342 S.
948 299 1150 343 scalarum.

241 398 345 461 velato
363 399 479 481 capite,
501 419 593 461 orare
610 397 753 481 debere,
772 398 902 481 corrigit
917 395 1036 460 abusus
1053 398 1108 481 qui
1129 397 1323 482 irrepserant
1339 397 1373 459 in

240 501 421 584 sumptione
434 492 637 564 Eucharistiae
654 500 738 586 (xl).
759 500 890 564 Disserit
908 496 950 561 de
970 496 1062 562 donis
1077 498 1295 583 spiritualibus
1312 520 1374 562 ex-

241 602 372 664 hortans
385 603 532 686 exemplo
545 603 767 666 membrorum
780 603 922 686 corporis
934 595 1067 664 humani
1080 609 1114 663 ut
1127 621 1219 664 sunm
1235 602 1374 687 quisque

124 777 135 782 ,
240 702 363 767 donum
382 705 549 768 conserant
569 707 601 768 in
621 727 715 769 usum
736 708 964 785 communem3
984 704 1144 787 praecipue
1164 725 1242 768 vero
1263 724 1376 767 omncs

241 805 389 869 studeant
412 808 571 888 charitati,
594 829 667 894 quse
690 796 821 893 'reliquis
846 806 1014 870 virtutihus
1036 807 1133 869 etiam
1157 807 1224 890 spei
1246 816 1279 869 et
1299 803 1376 868 fidei

241 920 370 995 praestat
396 911 592 996 (XII-Xth.
627 912 907 976 Resurrectionem
938 894 1141 972 mortuorum*
1174 907 1309 973 adstruit
1344 918 1378 972 ct

132 1072 135 1075 .
240 1014 421 1078 Corinthios
433 1014 586 1079 admonet
606 1013 646 1079 de
666 1015 875 1099 eleemosynis
892 1013 965 1077 colli
988 1010 1079 1076 endis
1094 1012 1128 1076 in
1141 1011 1270 1077 ludaeos
1289 1034 1377 1098 pau-

241 1137 335 1201 peres
351 1116 497 1181 Jndaeam
514 1117 728 1182 inhabitantes
744 1117 837 1202 (XV-
817 1114 938 1200 -XVI).
946 1033 987 1209 f

285 1218 317 1283 d.
336 1221 431 1282 Locos
445 1231 473 1282 et
490 1232 619 1304 tenrpns.
638 1219 761 1304 Scripta
774 1227 821 1282 est
833 1240 872 1282 ex
882 1219 1009 1303 Epheso
1022 1219 1127 1303 prima
1139 1215 1182 1283 ad
1194 1178 1377 1282 Corinthios

241 1320 421 1437 Epistola'
393 1343 480 1386 eirca
493 1342 612 1385 annum
630 1342 700 1384 aerae
718 1322 858 1406 vulgaris
873 1321 927 1385 56.
944 1321 1156 1406 Subscriptio,
1171 1341 1243 1405 quae
1260 1319 1379 1403 legitur

241 1424 275 1487 in
291 1424 452 1487 nonnullis
472 1423 636 1509 codicibus
651 1425 774 1508 graecis,
790 1424 902 1505 asserit
920 1425 1072 1508 scriptam
1088 1444 1156 1487 esse
1168 1421 1352 1507 Philippis
1344 1441 1379 1483 ιιι

243 1524 443 1590 Macedonia.
464 1524 527 1589 Sed
551 1527 614 1591 hoc
631 1524 866 1590 admittendum
884 1546 949 1601 non
969 1535 1035 1609 est3
1060 1546 1137 1589 nam
1153 1524 1185 1588 S.
1205 1524 1325 1587 Paulus
1344 1523 1380 1585 in

243 1629 251 1690 i
256 1649 312 1712 psa
323 1628 463 1712 Epistola
477 1629 576 1715 (XVI,
591 1629 623 1710 5,
639 1631 671 1712 8,
687 1628 742 1714 19)
756 1631 950 1693 contrarium
962 1630 1085 1693 asserit.
1103 1627 1156 1692 Sic
1169 1616 1255 1690 enim
1267 1625 1379 1710 loqui-

244 1739 307 1793 tur.
345 1730 537 1794 Permanebo
567 1743 664 1794 antem
690 1731 806 1816 Ephesi
833 1752 926 1816 usqne
948 1732 988 1794 ad
1010 1732 1219 1794 Pentecosten.
1247 1729 1379 1793 Veniens

166 1882 169 1887 .
243 1843 344 1894 antem
356 1831 396 1895 ad
414 1855 475 1907 eos,
497 1855 588 1920 quarn
605 1835 812 1898 Macedoniarn
829 1837 1038 1919 pertransiero
1056 1855 1067 1897 s
1087 1826 1380 1896 rwrreMacedoniam

243 1935 476 2018 pertransibo...
495 1935 640 2000 Saintnnt
657 1958 707 2001 aas
718 1936 846 2000 ecciesiae
857 1938 953 2002 Asin.
971 1935 1114 2005 Saintant
1136 1957 1185 2000 ros
1201 1938 1234 1998 in
1246 1935 1379 1998 Domino

244 2033 374 2120 rnnltnrn
402 2035 518 2121 Aquilo
546 2048 575 2100 et
596 2037 744 2102 Priscilla
768 2060 836 2101 cnrn
859 2038 1020 2102 domestica
1042 2058 1100 2101 sne
1122 2036 1267 2105 ecclesia,
1294 2034 1381 2118 cpnd

243 2159 319 2222 qnos
351 2151 379 2202 et
413 2139 561 2224 hospitor.
599 2135 796 2205 Habitabaut
829 2151 937 2206 autem
972 2140 1091 2226 Aquila
1123 2149 1155 2204 ot
1177 2139 1321 2203 Priscilla
1344 2139 1380 2201 in

244 2242 382 2327 Epheso,
401 2242 457 2306 nbi
471 2243 642 2328 Apostolus
655 2244 824 2308 absolvens
840 2231 1016 2308 secundum
1032 2265 1126 2308 suum
1146 2244 1205 2306 iter
1222 2242 1380 2328 apostoli-

244 2364 319 2407 cum
338 2366 392 2407 eos
408 2345 582 2430 reliquerat
601 2346 684 2431 (Act.
702 2346 820 2428 XVIll,
840 2346 908 2430 ts);
927 2345 1041 2409 nullibi
1055 2368 1152 2430 porro
1170 2347 1305 2430 legimus
1323 2365 1380 2409 eos
1419 2354 1431 2361 '

245 2447 337 2509 ivisse
350 2447 526 2532 Philippos.
546 2450 590 2511 Ex
608 2449 656 2511 his
670 2449 855 2512 testimoniis
867 2448 1036 2512 manifesto
1053 2457 1188 2533 apparet
1203 2447 1379 2532 Epistolam

245 2570 285 2610 cx
310 2549 435 2632 Epheso
460 2546 610 2633 scriptam
635 2550 742 2614 luisse.
769 2552 861 2615 Missa
882 2573 979 2636 porro
1004 2551 1063 2614 fuit
1085 2573 1144 2635 per
1166 2551 1376 2634 Stephanum,

246 2651 455 2713 Fortunatam
476 2661 506 2714 et
526 2651 728 2736 Achaicum,
752 2652 839 2739 quod
863 2654 1013 2717 asseritur
1037 2654 1069 2716 in
1093 2652 1379 2737 subscriptionibus

246 2750 395 2815 codicum
411 2773 601 2837 graecorum.

289 2853 320 2918 5.
341 2854 465 2941 Scripta
482 2878 579 2941 porro
597 2857 657 2921 tuit
671 2859 811 2944 Epistola
827 2881 890 2923 non
911 2861 1016 2924 solum
1029 2858 1071 2925 ad
1087 2861 1221 2945 gentiles
1236 2860 1379 2924 ecclosiae

244 2956 477 3044 Corinthiacae,
503 2982 584 3046 quos
603 2963 807 3046 peculiariter
829 2962 1020 3048 alloquitur,
1045 2961 1176 3048 quaudo
1198 2960 1275 3025 dicit
1297 2960 1346 3045 (1)
1368 2982 1377 3022 t

159 3091 163 3097 ·
244 3060 336 3123 Scitis
359 3074 548 3147 rumpentes
572 3067 696 3137 essetis,
718 3064 944 3129 adsirnnlaera
968 3077 1053 3128 rnnta
1072 3076 1167 3150 prout
1190 3063 1381 3127 ducebamini

243 3174 375 3242 enrnes;
398 3163 454 3228 sed
477 3165 572 3228 ctiam
596 3165 788 3232 adluderes
811 3166 853 3232 ad
876 3189 958 3260 quos
981 3169 1185 3253 peculiariter
1204 3165 1335 3250 dicitu
1336 3165 1377 3249 lt

242 3263 320 3326 Nolo
338 3287 394 3329 nos
405 3269 546 3351 iprensem
561 3267 719 3355 fratrem
700 3272 846 3335 (noreiam
859 3282 965 3355 patres
988 3273 1087 3335 nostri
1107 3291 1210 3339 ornares
1230 3268 1285 3333 sab
1301 3267 1379 3330 nabe

240 3366 380 3449 fererant.
1271 3384 1274 3391 '

469 3598 489 3686 S
514 3601 544 3665 P.
571 3603 708 3667 Secunda
730 3604 770 3667 ad
791 3601 972 3668 Corinthios
994 3601 1148 3688 Epistola.

287 3828 319 3891 6.
340 3831 447 3901 anars,
464 3841 592 3914 ternpus,
609 3832 722 3894 occasio
737 3829 899 3894 scribendae
918 3789 1011 3914 bnins
1028 3829 1187 3914 Epistola
1209 3830 1276 3895 Sibi
1296 3852 1377 3916 pro·
1476 3895 1479 3900 .

243 3940 393 4013 posuerat
415 3932 534 3995 Paulus
557 3932 600 3996 ab
620 3933 744 4017 Epheso
769 3933 875 3995 statim
898 3941 969 4016 post
990 3932 1199 3995 Pentecosten
1219 3932 1377 4018 proficisci

242 4029 285 4094 ad
303 4032 492 4118 Corinthios,
512 4043 546 4097 ut
567 4031 691 4098 videret
710 4026 812 4120 vquem
837 4034 977 4097 fmctum
997 4056 1055 4098 sua
1077 4034 1217 4119 Epistola
1240 4035 1377 4100 habuis-

276 4233 312 4294 (ι)
328 4233 340 4283 r
354 4234 413 4285 cor.
424 4235 477 4295 ιιι,
492 4236 516 4288 e.

277 4313 313 4377 (a)
326 4315 412 4395 reor.
429 4318 460 4378 x,
478 4320 499 4368 ι.
