3168 4948
285 347 360 389 PARS
373 347 408 390 11.
427 345 521 387 CAPUT
535 345 582 387 111.
598 344 636 385 ltu
649 343 772 386 oulcluu
785 346 819 387 ΕΤ
831 346 990 389 AUCTORIT.
1004 347 1048 388 lv.
1064 345 1192 388 EVANGG.
1240 325 1299 388 28l

173 447 266 530 lieni,
289 448 438 527 aliorum,
456 444 583 532 quibus,
604 444 628 507 si
648 444 821 528 Evangelia
838 447 990 531 perirent,
1012 448 1045 510 in
1061 447 1219 528 integrum
1235 446 1303 508 fere

71 616 74 619 ,
171 549 296 614 restitui
312 554 451 632 possent,
473 544 620 631 adeoque
637 531 802 609 abundant
820 548 998 610 testimonia
1013 568 1050 610 ex
1067 547 1247 631 Evangeliis
1262 545 1305 609 ab

172 653 241 715 istis
266 649 414 713 Patribus
437 650 469 711 in
494 648 557 711 suis
581 648 704 731 seriptis
728 650 857 712 inserta.
884 649 990 712 Unum
1018 669 1094 734 ergo
1119 670 1157 712 ex
1180 648 1306 712 duobus

175 762 259 816 esset
273 749 507 815 admittendum
529 772 536 813 ε
556 750 607 813 vel
625 748 713 835 quod
729 752 836 814 omnia
859 752 990 815 omnino
1006 751 1212 835 exemplaria,
1231 772 1306 814 om-

177 876 236 918 nes
260 855 420 918 versiones
439 862 470 917 et
491 852 607 936 scripta
627 852 758 916 Petrum
778 854 873 917 simul
892 862 924 918 et
939 852 1054 918 eodem
1070 853 1167 918 modo
1188 854 1306 917 luerint

179 967 342 1042 corrupta,
365 955 453 1042 qued
477 954 653 1020 absurdum
670 967 729 1039 est,
755 957 806 1021 vel
830 958 939 1042 aliqua
961 966 1095 1038 tantum,
1120 966 1306 1020 remanente

176 1061 317 1125 aliorum
334 1060 525 1144 integritate,
548 1058 769 1144 quodfalsum
787 1081 855 1124 esse
874 1083 914 1124 ex
929 1082 967 1124 eo
983 1068 1081 1144 patet,
1101 1058 1188 1144 quod
1208 1061 1304 1143 faeta,

178 1164 348 1245 miracula,
366 1161 529 1246 dogmata,
553 1182 624 1245 quae
644 1162 676 1224 in
699 1160 859 1226 hodiernis
882 1162 1119 1246 exemplaribus
1145 1163 1305 1247 leguntur,

175 1264 294 1331 eadem
311 1267 343 1328 in
360 1263 510 1328 omnibus
522 1264 661 1350 antiquis
680 1262 843 1329 codicibus
858 1265 980 1350 grecis,
999 1265 1115 1347 latinis,
1133 1266 1260 1350 syriacis
1276 1274 1307 1327 et

176 1372 213 1434 in
229 1367 381 1453 operibus
398 1368 542 1450 Petrum,
560 1367 772 1451 reperiantur.

155 1546 158 1559 Ι
224 1470 256 1534 5.
274 1471 411 1554 Fingunt
431 1466 562 1553 quidem
582 1467 756 1532 adversarii
780 1469 952 1553 Evangelia
980 1471 1084 1533 statim
1109 1479 1180 1553 post
1203 1489 1306 1531 aevum

178 1572 391 1657 apostolieum
407 1570 502 1633 fuisse
515 1569 693 1653 immutata,
703 1568 930 1656 adducuntque
948 1572 1117 1635 nonnullos
1130 1572 1304 1652 baereticos,

178 1676 387 1757 Marcionem,
407 1672 583 1755 Ebionaeos,
606 1673 856 1755 Valentinianos,
873 1675 927 1758 qni
944 1674 1116 1759 Evangelia
1130 1672 1306 1758 depravare

177 1786 393 1858 tentaverunt,
412 1785 509 1859 atque
526 1774 618 1839 nobis
636 1785 804 1861 opponunt
822 1776 946 1840 Celsum
971 1777 1160 1840 christianos
1178 1777 1307 1840 calum-

177 1880 321 1942 niantem
334 1886 489 1961 tanquam
505 1900 521 1934 a
541 1877 595 1962 qui
614 1885 717 1940 textus
730 1886 791 1957 ter,
806 1886 932 1961 quater,
950 1877 1070 1961 pluries
1085 1886 1210 1941 mutant
1229 1898 1307 1961 per-

176 1989 382 2064 vertuntque,
402 1987 438 2042 ut
450 1978 591 2042 babeant
606 2000 737 2063 queres
752 1978 812 2041 sibi
827 1978 971 2064 objectas
983 1972 1174 2043 inficientur.
1192 2007 1206 2040 o

223 2083 255 2146 6.
282 2083 352 2146 Non
376 2101 531 2166 negamus
553 2080 757 2144 Marcionem
771 2081 915 2166 aliosque
934 2082 1104 2145 nonnullos
1129 2082 1305 2161 hereticos,

178 2186 367 2251 necessitate
391 2184 566 2270 systematis
587 2184 753 2268 impulsos,
772 2204 866 2247 ausos
888 2184 984 2248 fuisse
1004 2193 1125 2248 textum
1141 2186 1308 2269 evangeli-

178 2308 257 2352 eum
278 2284 493 2352 diversimode
516 2283 708 2368 adulterare,
725 2283 781 2348 sed
804 2305 917 2348 eorum
941 2286 1028 2348 fraus
1052 2286 1224 2370 prevalere
1242 2307 1306 2349 non

180 2391 294 2475 potuit,
314 2398 348 2452 ut
371 2397 457 2474 patet
478 2409 519 2450 ex
542 2387 574 2450 S.
601 2387 721 2450 Irenaeo
742 2396 775 2450 et
798 2408 836 2450 ex
860 2388 1065 2452 Tertulliano.
1086 2388 1176 2453 Celso
1199 2399 1306 2452 autem

177 2493 388 2558 calumnianti
404 2492 531 2576 egregie
544 2489 707 2575 respondit
718 2489 871 2575 Origenes
883 2491 932 2575 (l)
944 2501 1085 2554 nostram
1098 2493 1306 2556 assertionem

177 2595 372 2661 confirmans
387 2619 395 2659 ε
415 2621 430 2655 a
445 2593 602 2681 Equidem
615 2616 680 2658 non
692 2596 766 2659 novi
780 2597 862 2658 alios
872 2595 927 2680 qui
943 2595 1106 2678 Evangelii
1122 2604 1307 2659 contextum

177 2701 429 2784 immutaverint,
454 2718 555 2784 quam
579 2698 759 2780 Marcionis,
784 2698 943 2763 Valentini
969 2697 1101 2760 lerlasse
1123 2706 1155 2761 et
1172 2698 1304 2781 Lucani,

161 2812 361 2868 sectatores.
380 2800 417 2865 ld
435 2822 510 2865 vero
527 2800 668 2864 criminis
692 2809 807 2865 nostrae
828 2798 981 2864 doctrinae
999 2799 1224 2884 imputandum
1241 2822 1305 2864 non

175 2914 239 2987 est,
263 2905 296 2969 in
321 2904 417 2989 culpa
437 2911 509 2966 sunt
531 2901 587 2987 qui
614 2902 786 2986 Evangelia
810 2899 987 2985 depravare
1007 2898 1140 2963 audent.
1161 2926 1175 2960 s
1194 2901 1304 2965 llerito

84 3026 90 3033 ·
179 3007 289 3091 itaque
307 3003 479 3070 incredulis
502 3011 533 3067 et
555 3004 709 3067 lraeretieis
732 3004 779 3067 sui
797 3005 949 3089 temporis
972 3001 1136 3086 respondit
1151 3001 1309 3087 Augusti-

180 3108 302 3194 nus(2)
319 3131 363 3171 2«
388 3107 474 3170 Nihil
496 3106 575 3169 mibi
599 3104 725 3170 videtur
746 3105 789 3169 ab
811 3106 849 3169 iis
872 3103 1087 3189 impudentius
1110 3103 1173 3169 diei
1197 3107 1247 3170 vel
1271 3118 1307 3170 ut

179 3211 287 3274 mitius
303 3211 431 3295 loquar,
447 3209 636 3273 incuriosius
653 3217 685 3271 ct
696 3207 898 3283 imbecillius,
915 3228 1016 3294 quam
1031 3207 1211 3293 Scripturas
1223 3209 1306 3274 divi·

178 3333 238 3377 nas
261 3333 328 3376 esse
353 3319 542 3396 corruptas3
570 3331 647 3375 cum
676 3308 710 3373 id
738 3311 833 3374 nullis
851 3312 896 3373 >in
921 3320 986 3374 tam
1009 3312 1128 3375 recenti
1151 3314 1307 3377 memoria

177 3414 375 3479 exstantibus
388 3413 551 3478 codicibus
566 3422 696 3497 possent
711 3415 912 3478 convincere.
932 3439 946 3473 s

224 3517 256 3580 7.
275 3515 349 3600 Obj.
365 3517 407 3580 1⁰.
427 3516 600 3599 Evangelia
610 3536 679 3579 esse
693 3515 883 3599 interpolata
895 3515 963 3600 ipso
980 3516 1064 3578 facto
1079 3525 1214 3600 constat3
1229 3538 1305 3580 nam

179 3621 320 3705 plurima
339 3620 434 3682 ineis
454 3615 550 3681 bodie
572 3618 732 3682 habentur
750 3638 821 3702 quae
836 3618 912 3681 olim
937 3616 1082 3698 deerant3
1099 3627 1135 3681 ut
1150 3628 1223 3682 sunt
1241 3619 1306 3682 duo

181 3723 290 3808 priora
312 3722 450 3786 Mattbaei
474 3721 590 3806 capita,
615 3731 713 3807 caput
735 3722 834 3785 Marci
853 3722 1014 3804 ultimum,
1036 3721 1165 3785 historia
1182 3720 1307 3786 sudoris

179 3825 346 3911 sanguinei
360 3833 392 3888 et
404 3824 547 3887 mulieris
562 3822 727 3888 adultere.

196 4006 198 4013 s
222 3929 256 3993 8.
270 3929 361 4012 Besp.
375 3925 476 3990 Aliter
485 3924 700 4011 judicandum
716 3947 781 3990 non
797 3935 846 3991 est
857 3924 900 3990 de
916 3926 1096 4011 Evangeliis
1111 3947 1149 3990 ae
1164 3923 1205 3989 de
1218 3927 1308 3991 libris

176 4030 332 4117 prolenis.
362 4031 479 4114 Porro,
504 4030 531 4093 si
554 4051 625 4116 que
648 4040 817 4095 occurrant
840 4030 873 4093 in
896 4028 986 4094 libris
1010 4030 1154 4116 prolanis
1177 4052 1249 4116 quae
1272 4033 1305 4096 in

211 4274 248 4339 (ll
263 4275 362 4326 Contra
377 4274 445 4326 Cels.
462 4274 494 4337 ll,
506 4273 547 4325 27.

215 4355 251 4422 (2)
268 4357 307 4408 De
318 4357 428 4409 utilitate
442 4357 571 4419 credendi,
583 4356 625 4422 lll,
640 4358 664 4411 7.
