3142 4964
480 314 555 357 rans
567 316 590 358 1.
609 315 706 377 canor
716 317 739 358 1.
757 317 795 358 nr
810 315 1031 361 reuirescens.
1274 298 1316 361 19

185 414 390 497 scriptumest
406 415 439 475 ire
455 413 606 477 volutatus
623 417 711 498 lepis
728 418 867 501 Moysi..
889 419 929 481 Et
947 419 1068 502 scripsit
1089 439 1181 502 super
1199 416 1316 501 lapides

185 515 453 578 Deuteronomium
475 517 564 599 Leyis
587 518 708 600 Moysi,
745 518 825 603 quod
858 518 907 582 ille
932 521 1094 603 dicessernt
1117 541 1216 582 corum
1240 517 1316 603 filiis

186 615 325 679 lsrael...
344 617 421 680 Post
437 615 499 678 ltaec
512 614 583 700 leyit
595 620 697 680 onerato
712 618 801 680 verbu
817 619 1028 683 benedictionis
1043 632 1070 683 et
1086 619 1314 691 ntnledictionis‚

187 729 216 780 et
239 731 342 781 cuncta
366 740 433 804 quse
450 721 564 802 scripto
580 732 666 783 erant
684 723 716 782 in
736 723 825 804 lepis
840 720 1002 784 calunniae.
1024 720 1112 784 Nihil
1126 743 1162 783 ex
1175 720 1233 794 bis,
1250 741 1316 804 quor

188 822 305 905 Moyses
322 823 470 905 jusserat,
497 819 620 907 reliquit
639 825 794 896 intinctum,
813 823 865 885 sed
881 825 1021 887 uniuerso
1044 824 1201 907 replicavit
1216 843 1316 886 coram

188 925 274 983 norici
289 922 492 988 inultitudine.
512 924 549 986 Et
563 944 635 1008 cap.
655 923 774 1006 XXIII,
794 924 826 1006 6,
843 924 939 987 Josue
955 925 1074 1009 populo
1087 925 1131 987 sio
1148 924 1288 1009 loquitur
1306 949 1314 989 t

190 1024 429 1110 Confortornini,
454 1037 481 1088 et
502 1037 592 1090 estote
605 1024 738 1099 solliciti,
756 1038 790 1089 ut
806 1027 979 1091 custodiatis
1003 1039 1107 1089 cuncto
1123 1048 1189 1112 quoe
1204 1029 1317 1112 scripta

187 1139 260 1191 suut
274 1130 307 1190 in
323 1128 473 1191 coluntiue
491 1131 579 1213 Lapis
603 1130 712 1214 Moysi.
740 1127 862 1193 Deinde
880 1130 983 1214 capite
1003 1131 1146 1216 sequenti
1162 1129 1259 1193 Iosue
1277 1151 1317 1193 ex

188 1228 302 1293 ordine
317 1230 349 1292 in
362 1232 551 1295 memoriam
565 1233 685 1316 populo
700 1241 829 1296 revocat
843 1233 950 1296 omnia
962 1233 1019 1296 Dei
1032 1231 1199 1314 beneficia,
1222 1242 1317 1318 prout

188 1330 414 1397 describuntur
431 1335 464 1396 in
491 1335 634 1421 quinque
651 1335 857 1399 Pentateuchi
881 1335 981 1398 libris.
1009 1335 1072 1398 Ista
1096 1345 1204 1399 autem
1220 1335 1316 1399 Josuo

188 1435 289 1499 verba
304 1436 346 1500 ab
360 1436 428 1520 ipso
441 1435 600 1522 descripta
613 1436 744 1502 fuerunt
759 1438 791 1501 iu
807 1435 958 1501 colonitiae
969 1439 1057 1521 Leyis
1070 1438 1206 1500 Domini.
1221 1436 1317 1501 Hisce

187 1548 297 1603 autem
322 1540 457 1605 textibus
478 1562 541 1605 nnn
558 1542 660 1605 solum
684 1542 979 1621 Deuteronomium,
997 1540 1053 1604 sed
1082 1549 1147 1604 tota
1167 1541 1231 1603 Lex
1255 1538 1317 1603 de-

189 1643 343 1726 signatur.
373 1643 455 1707 Nam
477 1643 573 1708 Josue
596 1643 744 1708 omnibus
768 1645 932 1730 preceptis
957 1645 1023 1729 ipse
1047 1643 1204 1730 obsequI,
1231 1652 1262 1706 et
1285 1643 1318 1706 in

188 1744 335 1808 omnium
364 1744 586 1810 observatione
612 1748 773 1811 continere
807 1747 963 1837 populum
987 1744 1098 1810 debuit
1124 1769 1131 1807 ε
1157 1754 1191 1808 at
1216 1746 1318 1809 multa

193 1855 353 1930 praccepta
369 1856 443 1911 sunt
460 1869 532 1934 quae
551 1849 584 1912 in
600 1849 845 1914 Deuteronomio
870 1839 932 1913 non
950 1847 1131 1930 habentur;
1149 1845 1204 1910 scd
1220 1869 1318 1933 repe-

192 1948 318 2012 riuntur
342 1950 375 2012 in
389 1951 459 2014 aliis
475 1951 575 2015 libris.
596 1940 696 2036 Igitur
710 1953 860 2018 volumen
878 1953 969 2037 Legis
984 1961 1098 2037 praeter
1116 1951 1317 2014 Deuterono-

192 2052 295 2114 mium
310 2053 389 2116 alios
405 2053 501 2116 etiam
519 2054 616 2118 libros
632 2054 825 2119 continebat.

237 2155 289 2218 29.
314 2155 361 2218 Ex
381 2155 429 2218 his
449 2155 597 2220 omnibus
617 2159 759 2243 sequitur
780 2181 787 2221 ε
818 2158 850 2220 l⁰
866 2156 1030 2221 historIam
1049 2156 1081 2217 in
1101 2157 1316 2220 Pentateucho

191 2259 458 2342 comprehensam
470 2281 489 2323 a
502 2269 645 2345 tempore
658 2260 755 2345 Moysi
767 2259 863 2324 luisse
874 2260 955 2322 inter
967 2256 1093 2322 Judaeos
1107 2258 1314 2340 notissimam,

190 2360 341 2446 legesque
365 2361 408 2425 ibi
433 2356 556 2427 relatas
572 2363 668 2428 luisse
690 2373 836 2449 receptas
854 2373 1019 2449 tamquam
1037 2384 1055 2425 a
1078 2363 1182 2447 Moyse
1200 2360 1314 2444 datas;

191 2467 224 2527 2⁰
253 2465 371 2530 librum
401 2468 551 2531 exstitisse
579 2469 636 2532 has
664 2469 749 2553 leges
775 2469 1012 2549 continentem,
1034 2469 1067 2530 5ο
1087 2467 1173 2530 hunc
1196 2464 1316 2528 librum
1354 2489 1355 2492 ¹

189 2577 297 2630 nostro
309 2569 527 2635 Pentateucho
540 2573 670 2634 omnino
688 2580 935 2634 consentaneum
952 2569 1048 2632 luisse
1066 2578 1094 2630 ct
1111 2566 1153 2630 ad
1170 2576 1315 2650 tempora

189 2670 327 2734 Mosaica
340 2693 407 2735 esse
420 2671 641 2755 referendum5
657 2673 690 2735 4⁰
703 2674 798 2757 Moy'si
813 2694 872 2736 nec
884 2673 940 2735 ulli
957 2672 1048 2736 alteri
1065 2671 1160 2733 luisse
1176 2669 1313 2733 attribu-

189 2781 270 2835 tum.
289 2773 347 2838 Vel
363 2776 458 2859 igitur
474 2775 546 2839 libri
566 2777 674 2859 Josue,
697 2775 858 2857 Indicum,
876 2778 1002 2860 Regum
1022 2786 1052 2838 et
1066 2774 1311 2857 Prophetarum,

190 2876 312 2938 nullam
328 2874 424 2939 fidem
440 2886 604 2941 merentur
619 2881 669 2941 vel
685 2878 919 2943 Pentateuchus
936 2876 1032 2960 Moysi
1056 2884 1101 2938 est
1123 2872 1313 2937 adscriben-

188 2973 249 3038 dus
264 3001 272 3058 3
289 2997 348 3040 nec
361 2978 435 3041 licet
446 2979 554 3062 plures
567 2980 726 3043 somniare
739 2980 826 3043 istius
838 2979 911 3043 libri
927 2987 1089 3059 auctores,
1109 2996 1184 3038 nam
1197 2975 1313 3037 horum

187 3088 356 3142 auctorum
370 3080 482 3145 nullibi
495 3081 614 3145 mentio
629 3069 787 3168 quapiam
800 3080 845 3144 fit.
861 3081 1014 3146 Constans
1026 3068 1100 3162 ergo
1114 3086 1144 3140 et
1158 3085 1312 3161 perpetue

187 3178 315 3243 traditio
332 3202 351 3244 a
367 3192 469 3246 morte
487 3183 583 3267 Moysi
598 3204 699 3269 usque
719 3182 762 3248 ad
778 3184 935 3248 Christum
952 3180 1045 3245 docet
1061 3178 1313 3255 Pentateuchum

188 3302 268 3366 opus
286 3304 352 3347 esse
378 3285 494 3370 Moysi..
512 3287 612 3371 Igitur
632 3286 824 3351 correludere
848 3306 1015 3372 possumus
1033 3308 1041 3347 ε
1059 3284 1159 3347 Nemo
1183 3281 1313 3367 negabit

186 3385 356 3469 Virgilium
372 3396 535 3451 auctorem
549 3409 616 3452 esse
631 3388 793 3467 AEneidos,
806 3389 950 3453 Historiae
965 3389 1119 3451 Romanae
1135 3387 1238 3448 Titum
1256 3386 1312 3447 Li-

187 3487 287 3568 vium,
300 3489 486 3552 Ciceronem
498 3491 717 3575 Catilinarum,
730 3475 804 3576 quia
817 3502 964 3556 constans
976 3500 1007 3553 et
1019 3497 1173 3574 perpetua
1186 3486 1311 3551 traditio

186 3600 218 3654 ct
237 3590 315 3656 fides
334 3592 463 3677 publica
487 3595 548 3658 hoc
572 3606 726 3659 asserunt.
751 3597 833 3680 Ergo
857 3592 940 3657 idem
962 3600 1186 3676 argumentum
1204 3591 1311 3655 valere

184 3693 293 3775 debet,
309 3695 364 3758 ubi
383 3694 423 3759 de
441 3706 571 3761 auctore
584 3697 790 3761 Pentateuchi
812 3698 926 3781 agitur.

228 3797 282 3861 50.
301 3798 407 3878 Quum
431 3798 533 3862 Judaei
550 3821 645 3863 omne
662 3802 891 3864 commercium
909 3819 981 3863 cum
1000 3796 1146 3882 gentihus
1162 3798 1308 3877 vitarent,

185 3900 302 3963 mirum
321 3923 384 3964 nnn
406 3912 486 3965 esset
509 3911 653 3967 auctores
671 3903 822 3987 profanos
846 3904 972 3987 Moysen
991 3901 1163 3985 ignorasse.
1191 3899 1311 3962 Eorum

185 4003 279 4087 igitur
295 4004 456 4067 silentium
476 4003 679 4068 traditionem
699 4004 884 4070 Iudaeorum
907 4004 1069 4068 infirmare
1094 4024 1157 4066 non
1176 4002 1308 4076 valeret.

184 4107 333 4170 Attamen
349 4107 457 4191 plures
470 4129 507 4171 ex
524 4108 585 4171 illis
601 4110 729 4194 Moysen
745 4119 909 4195 tamquam
923 4107 1039 4171 ducem
1055 4116 1087 4169 et
1099 4087 1311 4190 legislatorem

183 4208 393 4274 Ilebraeorum
422 4211 571 4275 salutant.
601 4211 794 4279 Nominandi
821 4220 894 4275 sunt
922 4208 1081 4291 Manetho,
1109 4209 1308 4291 Chaeremon,

184 4313 311 4398 Apion,
337 4314 506 4398 scriptores
531 4316 671 4400 egyptii,
697 4335 835 4403 quorum
859 4311 1036 4377 testimonia
1060 4310 1151 4374 nobis
1175 4311 1311 4374 servavit
