<?xml version="1.0" encoding="UTF-8"?>
<!DOCTYPE html PUBLIC "-//W3C//DTD XHTML 1.0 Transitional//EN"
    "http://www.w3.org/TR/xhtml1/DTD/xhtml1-transitional.dtd">
<html xmlns="http://www.w3.org/1999/xhtml" xml:lang="en" lang="en">
 <head>
  <title>
</title>
<meta http-equiv="Content-Type" content="text/html;charset=utf-8" />
  <meta name='ocr-system' content='tesseract 3.04.00' />
  <meta name='ocr-capabilities' content='ocr_page ocr_carea ocr_par ocr_line ocrx_word'/>
</head>
<body>
  <div class='ocr_page' id='page_1' title='image "./introductioinsa00lamygoog/introductioinsa00lamygoog_0239.png"; bbox 0 0 3166 4958; ppageno 0'>
   <div class='ocr_carea' id='block_1_1' title="bbox 281 294 1162 367">
    <p class='ocr_par' dir='ltr' id='par_1_1' title="bbox 281 294 1162 367">
     <span class='ocr_line' id='line_1_1' title="bbox 281 294 1162 367; baseline 0.001 -9"><span class='ocrx_word' id='word_1_1' title='bbox 281 294 344 358; x_wconf 69' lang='grc'>150</span> <span class='ocrx_word' id='word_1_2' title='bbox 494 315 693 367; x_wconf 80' lang='lat' dir='ltr'>rmaonucrro</span> <span class='ocrx_word' id='word_1_3' title='bbox 706 315 853 358; x_wconf 78' lang='lat' dir='ltr'>srrcrams</span> <span class='ocrx_word' id='word_1_4' title='bbox 868 315 901 358; x_wconf 85' lang='lat' dir='ltr'>m</span> <span class='ocrx_word' id='word_1_5' title='bbox 916 313 942 358; x_wconf 91' lang='lat' dir='ltr'>s.</span> <span class='ocrx_word' id='word_1_6' title='bbox 961 313 1162 360; x_wconf 78' lang='lat' dir='ltr'>scatrrnaan.</span> 
     </span>
    </p>
   </div>
   <div class='ocr_carea' id='block_1_2' title="bbox 118 414 1531 3989">
    <p class='ocr_par' dir='ltr' id='par_1_2' title="bbox 281 414 1419 716">
     <span class='ocr_line' id='line_1_2' title="bbox 281 414 1415 506; baseline 0.004 -26"><span class='ocrx_word' id='word_1_7' title='bbox 281 415 473 500; x_wconf 70' lang='lat' dir='ltr'>captivitate,</span> <span class='ocrx_word' id='word_1_8' title='bbox 493 415 586 502; x_wconf 90' lang='lat' dir='ltr'>cique</span> <span class='ocrx_word' id='word_1_9' title='bbox 603 414 748 480; x_wconf 84' lang='lat' dir='ltr'>assiduus</span> <span class='ocrx_word' id='word_1_10' title='bbox 767 416 827 479; x_wconf 84' lang='lat' dir='ltr'>tuit</span> <span class='ocrx_word' id='word_1_11' title='bbox 849 425 880 479; x_wconf 88' lang='lat' dir='ltr'>et</span> <span class='ocrx_word' id='word_1_12' title='bbox 903 415 936 477; x_wconf 93' lang='lat' dir='ltr'>iu</span> <span class='ocrx_word' id='word_1_13' title='bbox 953 414 1103 479; x_wconf 77' lang='lat' dir='ltr'>Caesaraea</span> <span class='ocrx_word' id='word_1_14' title='bbox 1120 417 1200 486; x_wconf 82' lang='lat' dir='ltr'>etin</span> <span class='ocrx_word' id='word_1_15' title='bbox 1216 419 1320 484; x_wconf 88' lang='lat' dir='ltr'>Roma</span> <span class='ocrx_word' id='word_1_16' title='bbox 1341 420 1415 506; x_wconf 84' lang='lat'>(1).</span> 
     </span>
     <span class='ocr_line' id='line_1_3' title="bbox 281 515 1419 608; baseline 0.009 -27"><span class='ocrx_word' id='word_1_17' title='bbox 281 515 428 582; x_wconf 78' lang='lat' dir='ltr'>Traditur</span> <span class='ocrx_word' id='word_1_18' title='bbox 444 518 477 583; x_wconf 88' lang='lat' dir='ltr'>S.</span> <span class='ocrx_word' id='word_1_19' title='bbox 493 521 612 584; x_wconf 85' lang='lat' dir='ltr'>Lucam</span> <span class='ocrx_word' id='word_1_20' title='bbox 627 521 659 584; x_wconf 91' lang='lat' dir='ltr'>iu</span> <span class='ocrx_word' id='word_1_21' title='bbox 675 521 796 587; x_wconf 83' lang='lat' dir='ltr'>Achaia</span> <span class='ocrx_word' id='word_1_22' title='bbox 809 521 997 606; x_wconf 80' lang='lat' dir='ltr'>martyrium</span> <span class='ocrx_word' id='word_1_23' title='bbox 1013 519 1140 585; x_wconf 88' lang='lat' dir='ltr'>obiisse.</span> <span class='ocrx_word' id='word_1_24' title='bbox 1157 520 1233 608; x_wconf 85' lang='lat' dir='ltr'>Ejus</span> <span class='ocrx_word' id='word_1_25' title='bbox 1249 527 1419 591; x_wconf 83' lang='lat' dir='ltr'>memoria</span> 
     </span>
     <span class='ocr_line' id='line_1_4' title="bbox 281 619 769 716; baseline 0.008 -33"><span class='ocrx_word' id='word_1_26' title='bbox 281 619 462 716; x_wconf 61' lang='lat' dir='ltr'>celebratur</span> <span class='ocrx_word' id='word_1_27' title='bbox 479 619 532 685; x_wconf 91' lang='lat' dir='ltr'>die</span> <span class='ocrx_word' id='word_1_28' title='bbox 553 623 594 686; x_wconf 88' lang='grc'>18</span> <span class='ocrx_word' id='word_1_29' title='bbox 612 623 769 687; x_wconf 82' lang='lat' dir='ltr'>Octobris.</span> 
     </span>
    </p>

    <p class='ocr_par' dir='ltr' id='par_1_3' title="bbox 269 713 1417 911">
     <span class='ocr_line' id='line_1_5' title="bbox 324 713 1417 822; baseline 0.005 -37"><span class='ocrx_word' id='word_1_30' title='bbox 324 713 476 822; x_wconf 51' lang='lat' dir='ltr'>tid-Porro</span> <span class='ocrx_word' id='word_1_31' title='bbox 499 733 564 787; x_wconf 87' lang='lat' dir='ltr'>tota</span> <span class='ocrx_word' id='word_1_32' title='bbox 588 725 760 809; x_wconf 87' lang='lat' dir='ltr'>antiquitas</span> <span class='ocrx_word' id='word_1_33' title='bbox 786 723 883 789; x_wconf 87' lang='lat' dir='ltr'>tradit</span> <span class='ocrx_word' id='word_1_34' title='bbox 907 724 1026 788; x_wconf 90' lang='lat' dir='ltr'>Lucam</span> <span class='ocrx_word' id='word_1_35' title='bbox 1054 734 1218 790; x_wconf 80' lang='lat' dir='ltr'>auctorem</span> <span class='ocrx_word' id='word_1_36' title='bbox 1239 748 1305 792; x_wconf 86' lang='lat' dir='ltr'>esse</span> <span class='ocrx_word' id='word_1_37' title='bbox 1323 729 1417 792; x_wconf 85' lang='lat' dir='ltr'>tertii</span> 
     </span>
     <span class='ocr_line' id='line_1_6' title="bbox 269 785 1417 911; baseline 0.004 -22"><span class='ocrx_word' id='word_1_38' title='bbox 269 785 457 911; x_wconf 65' lang='lat' dir='ltr'>lbrangelii.</span> <span class='ocrx_word' id='word_1_39' title='bbox 479 828 555 892; x_wconf 83' lang='lat' dir='ltr'>Haec</span> <span class='ocrx_word' id='word_1_40' title='bbox 578 836 684 891; x_wconf 89' lang='lat' dir='ltr'>autem</span> <span class='ocrx_word' id='word_1_41' title='bbox 704 826 832 892; x_wconf 87' lang='lat' dir='ltr'>traditio</span> <span class='ocrx_word' id='word_1_42' title='bbox 854 826 1071 891; x_wconf 90' lang='lat' dir='ltr'>firmissimum</span> <span class='ocrx_word' id='word_1_43' title='bbox 1089 828 1187 893; x_wconf 88' lang='lat' dir='ltr'>habet</span> <span class='ocrx_word' id='word_1_44' title='bbox 1209 827 1417 896; x_wconf 77' lang='lat' dir='ltr'>tundamen-</span> 
     </span>
    </p>

    <p class='ocr_par' dir='ltr' id='par_1_4' title="bbox 118 929 1449 2326">
     <span class='ocr_line' id='line_1_7' title="bbox 241 929 1416 1018; baseline 0.004 -27"><span class='ocrx_word' id='word_1_45' title='bbox 241 976 253 1001; x_wconf 81' lang='grc'>,</span> <span class='ocrx_word' id='word_1_46' title='bbox 280 929 394 992; x_wconf 87' lang='lat' dir='ltr'>tamin</span> <span class='ocrx_word' id='word_1_47' title='bbox 409 929 562 994; x_wconf 86' lang='lat' dir='ltr'>Prooemio</span> <span class='ocrx_word' id='word_1_48' title='bbox 574 932 643 994; x_wconf 82' lang='lat' dir='ltr'>Act.</span> <span class='ocrx_word' id='word_1_49' title='bbox 659 932 769 1015; x_wconf 82' lang='lat' dir='ltr'>Apost.</span> <span class='ocrx_word' id='word_1_50' title='bbox 789 932 822 994; x_wconf 92' lang='lat' dir='ltr'>iu</span> <span class='ocrx_word' id='word_1_51' title='bbox 836 951 900 1015; x_wconf 93' lang='lat' dir='ltr'>quo</span> <span class='ocrx_word' id='word_1_52' title='bbox 917 930 1018 993; x_wconf 84' lang='lat' dir='ltr'>Lucas</span> <span class='ocrx_word' id='word_1_53' title='bbox 1035 929 1080 992; x_wconf 90' lang='lat' dir='ltr'>ait</span> <span class='ocrx_word' id='word_1_54' title='bbox 1098 952 1106 992; x_wconf 87' lang='lat'>:</span> <span class='ocrx_word' id='word_1_55' title='bbox 1126 930 1270 994; x_wconf 80' lang='lat' dir='ltr'>Primum</span> <span class='ocrx_word' id='word_1_56' title='bbox 1285 933 1416 1018; x_wconf 80' lang='lat' dir='ltr'>quidem</span> 
     </span>
     <span class='ocr_line' id='line_1_8' title="bbox 118 942 1417 1134; baseline 0.003 -40"><span class='ocrx_word' id='word_1_57' title='bbox 118 942 247 1134; x_wconf 49' lang='lat' dir='ltr'>wilh</span> <span class='ocrx_word' id='word_1_58' title='bbox 280 1051 446 1095; x_wconf 69' lang='lat' dir='ltr'>servitorem</span> <span class='ocrx_word' id='word_1_59' title='bbox 465 1032 526 1118; x_wconf 71' lang='lat' dir='ltr'>feei</span> <span class='ocrx_word' id='word_1_60' title='bbox 541 1032 579 1095; x_wconf 89' lang='lat' dir='ltr'>de</span> <span class='ocrx_word' id='word_1_61' title='bbox 599 1031 748 1106; x_wconf 82' lang='lat' dir='ltr'>omuidm,</span> <span class='ocrx_word' id='word_1_62' title='bbox 771 1054 788 1096; x_wconf 88' lang='lat' dir='ltr'>o</span> <span class='ocrx_word' id='word_1_63' title='bbox 810 1030 1068 1117; x_wconf 75' lang='lat' dir='ltr'>Theophile,quoe</span> <span class='ocrx_word' id='word_1_64' title='bbox 1091 1037 1178 1116; x_wconf 85' lang='lat' dir='ltr'>coepit</span> <span class='ocrx_word' id='word_1_65' title='bbox 1199 1034 1290 1098; x_wconf 78' lang='lat' dir='ltr'>deam</span> <span class='ocrx_word' id='word_1_66' title='bbox 1307 1035 1417 1119; x_wconf 67' lang='lat' dir='ltr'>facere</span> 
     </span>
     <span class='ocr_line' id='line_1_9' title="bbox 280 1124 1414 1221; baseline 0.004 -28"><span class='ocrx_word' id='word_1_67' title='bbox 280 1143 308 1195; x_wconf 89' lang='lat' dir='ltr'>et</span> <span class='ocrx_word' id='word_1_68' title='bbox 324 1132 426 1196; x_wconf 85' lang='lat' dir='ltr'>docere</span> <span class='ocrx_word' id='word_1_69' title='bbox 442 1154 538 1218; x_wconf 78' lang='lat' dir='ltr'>usque</span> <span class='ocrx_word' id='word_1_70' title='bbox 554 1135 587 1196; x_wconf 82' lang='lat' dir='ltr'>in</span> <span class='ocrx_word' id='word_1_71' title='bbox 614 1133 691 1197; x_wconf 85' lang='lat' dir='ltr'>diem</span> <span class='ocrx_word' id='word_1_72' title='bbox 714 1155 774 1218; x_wconf 84' lang='lat' dir='ltr'>qua</span> <span class='ocrx_word' id='word_1_73' title='bbox 794 1135 973 1221; x_wconf 68' lang='lat' dir='ltr'>proripiens</span> <span class='ocrx_word' id='word_1_74' title='bbox 999 1124 1155 1217; x_wconf 79' lang='lat' dir='ltr'>Apostolis</span> <span class='ocrx_word' id='word_1_75' title='bbox 1176 1155 1233 1218; x_wconf 86' lang='lat' dir='ltr'>per</span> <span class='ocrx_word' id='word_1_76' title='bbox 1255 1134 1414 1219; x_wconf 83' lang='lat' dir='ltr'>Spiritum</span> 
     </span>
     <span class='ocr_line' id='line_1_10' title="bbox 280 1235 1417 1322; baseline 0 -23"><span class='ocrx_word' id='word_1_77' title='bbox 280 1247 439 1309; x_wconf 82' lang='lat' dir='ltr'>sanctum,</span> <span class='ocrx_word' id='word_1_78' title='bbox 470 1257 544 1320; x_wconf 80' lang='lat' dir='ltr'>quos</span> <span class='ocrx_word' id='word_1_79' title='bbox 569 1236 680 1322; x_wconf 76' lang='lat' dir='ltr'>clepit,</span> <span class='ocrx_word' id='word_1_80' title='bbox 705 1247 878 1320; x_wconf 79' lang='lat' dir='ltr'>assumptus</span> <span class='ocrx_word' id='word_1_81' title='bbox 901 1246 955 1299; x_wconf 79' lang='lat' dir='ltr'>est.</span> <span class='ocrx_word' id='word_1_82' title='bbox 982 1236 1028 1298; x_wconf 85' lang='lat' dir='ltr'>Ex</span> <span class='ocrx_word' id='word_1_83' title='bbox 1052 1235 1169 1321; x_wconf 89' lang='lat' dir='ltr'>quibus</span> <span class='ocrx_word' id='word_1_84' title='bbox 1191 1235 1297 1300; x_wconf 82' lang='lat' dir='ltr'>verbis</span> <span class='ocrx_word' id='word_1_85' title='bbox 1319 1246 1417 1322; x_wconf 83' lang='lat' dir='ltr'>patet</span> 
     </span>
     <span class='ocr_line' id='line_1_11' title="bbox 281 1334 1413 1422; baseline 0 -21"><span class='ocrx_word' id='word_1_86' title='bbox 281 1346 445 1402; x_wconf 76' lang='lat' dir='ltr'>auctorem</span> <span class='ocrx_word' id='word_1_87' title='bbox 468 1336 607 1402; x_wconf 79' lang='lat' dir='ltr'>Actuum</span> <span class='ocrx_word' id='word_1_88' title='bbox 639 1339 758 1401; x_wconf 86' lang='lat' dir='ltr'>Lucam</span> <span class='ocrx_word' id='word_1_89' title='bbox 781 1338 922 1422; x_wconf 86' lang='lat' dir='ltr'>priorem</span> <span class='ocrx_word' id='word_1_90' title='bbox 945 1334 988 1398; x_wconf 88' lang='lat' dir='ltr'>ad</span> <span class='ocrx_word' id='word_1_91' title='bbox 1012 1336 1225 1421; x_wconf 78' lang='lat' dir='ltr'>Theophilum</span> <span class='ocrx_word' id='word_1_92' title='bbox 1255 1334 1413 1402; x_wconf 81' lang='lat' dir='ltr'>direxisse</span> 
     </span>
     <span class='ocr_line' id='line_1_12' title="bbox 280 1436 1413 1525; baseline 0.001 -21"><span class='ocrx_word' id='word_1_93' title='bbox 280 1441 340 1504; x_wconf 88' lang='lat' dir='ltr'>scri</span> <span class='ocrx_word' id='word_1_94' title='bbox 364 1450 433 1504; x_wconf 89' lang='lat' dir='ltr'>tum</span> <span class='ocrx_word' id='word_1_95' title='bbox 448 1437 490 1503; x_wconf 92' lang='lat' dir='ltr'>de</span> <span class='ocrx_word' id='word_1_96' title='bbox 506 1438 651 1504; x_wconf 89' lang='lat' dir='ltr'>doctrina</span> <span class='ocrx_word' id='word_1_97' title='bbox 666 1449 696 1503; x_wconf 89' lang='lat' dir='ltr'>et</span> <span class='ocrx_word' id='word_1_98' title='bbox 716 1440 811 1525; x_wconf 84' lang='lat' dir='ltr'>gestis</span> <span class='ocrx_word' id='word_1_99' title='bbox 827 1439 941 1504; x_wconf 83' lang='lat' dir='ltr'>Christi</span> <span class='ocrx_word' id='word_1_100' title='bbox 957 1458 1058 1523; x_wconf 90' lang='lat' dir='ltr'>usque</span> <span class='ocrx_word' id='word_1_101' title='bbox 1079 1436 1120 1502; x_wconf 92' lang='lat' dir='ltr'>ad</span> <span class='ocrx_word' id='word_1_102' title='bbox 1139 1437 1227 1502; x_wconf 88' lang='lat' dir='ltr'>diem</span> <span class='ocrx_word' id='word_1_103' title='bbox 1244 1441 1413 1505; x_wconf 85' lang='lat' dir='ltr'>ascensio-</span> 
     </span>
     <span class='ocr_line' id='line_1_13' title="bbox 281 1536 1412 1627; baseline 0.002 -23"><span class='ocrx_word' id='word_1_104' title='bbox 281 1543 340 1605; x_wconf 87' lang='lat' dir='ltr'>nis.</span> <span class='ocrx_word' id='word_1_105' title='bbox 367 1536 452 1605; x_wconf 90' lang='lat' dir='ltr'>Illud</span> <span class='ocrx_word' id='word_1_106' title='bbox 467 1551 575 1605; x_wconf 91' lang='lat' dir='ltr'>autem</span> <span class='ocrx_word' id='word_1_107' title='bbox 601 1543 755 1626; x_wconf 88' lang='lat' dir='ltr'>scriptum</span> <span class='ocrx_word' id='word_1_108' title='bbox 773 1542 882 1627; x_wconf 86' lang='lat' dir='ltr'>nequit</span> <span class='ocrx_word' id='word_1_109' title='bbox 906 1561 973 1604; x_wconf 87' lang='lat' dir='ltr'>esse</span> <span class='ocrx_word' id='word_1_110' title='bbox 995 1541 1204 1625; x_wconf 82' lang='lat' dir='ltr'>Evangelium</span> <span class='ocrx_word' id='word_1_111' title='bbox 1231 1542 1328 1606; x_wconf 85' lang='lat' dir='ltr'>Marci</span> <span class='ocrx_word' id='word_1_112' title='bbox 1351 1553 1412 1606; x_wconf 89' lang='lat' dir='ltr'>aut</span> 
     </span>
     <span class='ocr_line' id='line_1_14' title="bbox 281 1641 1412 1730; baseline 0 -23"><span class='ocrx_word' id='word_1_113' title='bbox 281 1644 431 1725; x_wconf 83' lang='lat' dir='ltr'>Matthaei,</span> <span class='ocrx_word' id='word_1_114' title='bbox 454 1642 612 1730; x_wconf 88' lang='lat' dir='ltr'>siquidem</span> <span class='ocrx_word' id='word_1_115' title='bbox 629 1652 778 1707; x_wconf 87' lang='lat' dir='ltr'>neutrum</span> <span class='ocrx_word' id='word_1_116' title='bbox 799 1665 838 1707; x_wconf 85' lang='lat' dir='ltr'>ex</span> <span class='ocrx_word' id='word_1_117' title='bbox 854 1641 980 1707; x_wconf 92' lang='lat' dir='ltr'>duobus</span> <span class='ocrx_word' id='word_1_118' title='bbox 995 1643 1082 1707; x_wconf 87' lang='lat' dir='ltr'>hisce</span> <span class='ocrx_word' id='word_1_119' title='bbox 1102 1643 1282 1728; x_wconf 82' lang='lat' dir='ltr'>Evangeliis</span> <span class='ocrx_word' id='word_1_120' title='bbox 1298 1644 1412 1707; x_wconf 88' lang='lat' dir='ltr'>Theo-</span> 
     </span>
     <span class='ocr_line' id='line_1_15' title="bbox 281 1744 1410 1832; baseline -0.002 -20"><span class='ocrx_word' id='word_1_121' title='bbox 281 1748 369 1832; x_wconf 91' lang='lat' dir='ltr'>philo</span> <span class='ocrx_word' id='word_1_122' title='bbox 395 1746 537 1812; x_wconf 89' lang='lat' dir='ltr'>dicatum</span> <span class='ocrx_word' id='word_1_123' title='bbox 555 1757 613 1830; x_wconf 89' lang='lat' dir='ltr'>est,</span> <span class='ocrx_word' id='word_1_124' title='bbox 639 1747 721 1812; x_wconf 85' lang='lat' dir='ltr'>bene</span> <span class='ocrx_word' id='word_1_125' title='bbox 751 1768 829 1811; x_wconf 86' lang='lat' dir='ltr'>vero</span> <span class='ocrx_word' id='word_1_126' title='bbox 850 1746 978 1810; x_wconf 89' lang='lat' dir='ltr'>tertium</span> <span class='ocrx_word' id='word_1_127' title='bbox 1006 1746 1236 1831; x_wconf 80' lang='lat' dir='ltr'>Evangelium,</span> <span class='ocrx_word' id='word_1_128' title='bbox 1253 1744 1340 1832; x_wconf 87' lang='lat' dir='ltr'>quod</span> <span class='ocrx_word' id='word_1_129' title='bbox 1363 1745 1410 1810; x_wconf 87' lang='lat' dir='ltr'>ad</span> 
     </span>
     <span class='ocr_line' id='line_1_16' title="bbox 280 1846 1413 1934; baseline -0.004 -20"><span class='ocrx_word' id='word_1_130' title='bbox 280 1850 493 1934; x_wconf 85' lang='lat' dir='ltr'>Theophilum</span> <span class='ocrx_word' id='word_1_131' title='bbox 521 1847 667 1933; x_wconf 80' lang='lat' dir='ltr'>dirigitur</span> <span class='ocrx_word' id='word_1_132' title='bbox 694 1857 725 1912; x_wconf 89' lang='lat' dir='ltr'>et</span> <span class='ocrx_word' id='word_1_133' title='bbox 741 1847 857 1911; x_wconf 90' lang='lat' dir='ltr'>desinit</span> <span class='ocrx_word' id='word_1_134' title='bbox 880 1848 914 1910; x_wconf 92' lang='lat' dir='ltr'>in</span> <span class='ocrx_word' id='word_1_135' title='bbox 941 1846 1125 1910; x_wconf 85' lang='lat' dir='ltr'>ascensione</span> <span class='ocrx_word' id='word_1_136' title='bbox 1142 1846 1280 1910; x_wconf 88' lang='lat' dir='ltr'>Domini.</span> <span class='ocrx_word' id='word_1_137' title='bbox 1303 1846 1413 1931; x_wconf 87' lang='lat' dir='ltr'>Stylns</span> 
     </span>
     <span class='ocr_line' id='line_1_17' title="bbox 281 1947 1413 2037; baseline -0.004 -20"><span class='ocrx_word' id='word_1_138' title='bbox 281 1954 377 2037; x_wconf 82' lang='lat' dir='ltr'>etiam</span> <span class='ocrx_word' id='word_1_139' title='bbox 387 1953 470 2017; x_wconf 89' lang='lat' dir='ltr'>tertii</span> <span class='ocrx_word' id='word_1_140' title='bbox 479 1951 643 2037; x_wconf 80' lang='lat' dir='ltr'>Evangelii</span> <span class='ocrx_word' id='word_1_141' title='bbox 656 1949 802 2037; x_wconf 84' lang='lat' dir='ltr'>ejusdem</span> <span class='ocrx_word' id='word_1_142' title='bbox 813 1947 929 2012; x_wconf 87' lang='lat' dir='ltr'>indolis</span> <span class='ocrx_word' id='word_1_143' title='bbox 943 1958 990 2012; x_wconf 88' lang='lat' dir='ltr'>est</span> <span class='ocrx_word' id='word_1_144' title='bbox 1003 1970 1077 2012; x_wconf 89' lang='lat' dir='ltr'>cum</span> <span class='ocrx_word' id='word_1_145' title='bbox 1089 1950 1169 2034; x_wconf 72' lang='lat' dir='ltr'>stylo</span> <span class='ocrx_word' id='word_1_146' title='bbox 1184 1948 1258 2012; x_wconf 87' lang='lat' dir='ltr'>libri</span> <span class='ocrx_word' id='word_1_147' title='bbox 1270 1947 1413 2013; x_wconf 82' lang='lat' dir='ltr'>Actuum</span> 
     </span>
     <span class='ocr_line' id='line_1_18' title="bbox 281 2046 1449 2140; baseline -0.003 -21"><span class='ocrx_word' id='word_1_148' title='bbox 281 2065 312 2120; x_wconf 86' lang='lat' dir='ltr'>et</span> <span class='ocrx_word' id='word_1_149' title='bbox 323 2056 426 2140; x_wconf 80' lang='lat' dir='ltr'>magis</span> <span class='ocrx_word' id='word_1_150' title='bbox 438 2052 561 2119; x_wconf 88' lang='lat' dir='ltr'>accedit</span> <span class='ocrx_word' id='word_1_151' title='bbox 572 2053 615 2118; x_wconf 88' lang='lat' dir='ltr'>ad</span> <span class='ocrx_word' id='word_1_152' title='bbox 627 2054 823 2139; x_wconf 77' lang='lat' dir='ltr'>graeoitatem</span> <span class='ocrx_word' id='word_1_153' title='bbox 842 2051 1006 2115; x_wconf 87' lang='lat' dir='ltr'>classicam</span> <span class='ocrx_word' id='word_1_154' title='bbox 1020 2072 1119 2136; x_wconf 86' lang='lat' dir='ltr'>quam</span> <span class='ocrx_word' id='word_1_155' title='bbox 1129 2046 1228 2116; x_wconf 87' lang='lat' dir='ltr'>ceteri</span> <span class='ocrx_word' id='word_1_156' title='bbox 1243 2050 1316 2115; x_wconf 89' lang='lat' dir='ltr'>libri</span> <span class='ocrx_word' id='word_1_157' title='bbox 1334 2054 1413 2116; x_wconf 86' lang='lat' dir='ltr'>novi</span> <span class='ocrx_word' id='word_1_158' title='bbox 1446 2087 1449 2091; x_wconf 38' lang='lat'><strong>²</strong></span> 
     </span>
     <span class='ocr_line' id='line_1_19' title="bbox 280 2152 1411 2243; baseline -0.003 -21"><span class='ocrx_word' id='word_1_159' title='bbox 280 2158 485 2240; x_wconf 83' lang='lat' dir='ltr'>Testamenti,</span> <span class='ocrx_word' id='word_1_160' title='bbox 500 2156 587 2243; x_wconf 89' lang='lat' dir='ltr'>quod</span> <span class='ocrx_word' id='word_1_161' title='bbox 604 2158 706 2221; x_wconf 87' lang='lat' dir='ltr'>innuit</span> <span class='ocrx_word' id='word_1_162' title='bbox 723 2176 826 2220; x_wconf 91' lang='lat' dir='ltr'>unum</span> <span class='ocrx_word' id='word_1_163' title='bbox 843 2152 1058 2239; x_wconf 88' lang='lat' dir='ltr'>eumdemque</span> <span class='ocrx_word' id='word_1_164' title='bbox 1073 2176 1141 2220; x_wconf 87' lang='lat' dir='ltr'>esso</span> <span class='ocrx_word' id='word_1_165' title='bbox 1154 2155 1320 2241; x_wconf 86' lang='lat' dir='ltr'>utriusque</span> <span class='ocrx_word' id='word_1_166' title='bbox 1335 2155 1411 2219; x_wconf 89' lang='lat' dir='ltr'>libri</span> 
     </span>
     <span class='ocr_line' id='line_1_20' title="bbox 281 2271 458 2326; baseline -0.011 0"><span class='ocrx_word' id='word_1_167' title='bbox 281 2271 458 2326; x_wconf 82' lang='lat' dir='ltr'>auctorem.</span> 
     </span>
    </p>

    <p class='ocr_par' dir='ltr' id='par_1_5' title="bbox 281 2337 1411 2765">
     <span class='ocr_line' id='line_1_21' title="bbox 325 2337 1411 2451; baseline 0.003 -26"><span class='ocrx_word' id='word_1_168' title='bbox 325 2337 481 2451; x_wconf 54' lang='grc'>5111111111.</span> <span class='ocrx_word' id='word_1_169' title='bbox 500 2362 548 2424; x_wconf 87' lang='lat' dir='ltr'>De</span> <span class='ocrx_word' id='word_1_170' title='bbox 563 2362 648 2443; x_wconf 90' lang='lat' dir='ltr'>loco,</span> <span class='ocrx_word' id='word_1_171' title='bbox 663 2361 772 2445; x_wconf 89' lang='lat' dir='ltr'>inquo</span> <span class='ocrx_word' id='word_1_172' title='bbox 786 2361 820 2424; x_wconf 86' lang='lat' dir='ltr'>S.</span> <span class='ocrx_word' id='word_1_173' title='bbox 837 2361 939 2426; x_wconf 88' lang='lat' dir='ltr'>Lucas</span> <span class='ocrx_word' id='word_1_174' title='bbox 957 2381 1050 2424; x_wconf 92' lang='lat' dir='ltr'>suum</span> <span class='ocrx_word' id='word_1_175' title='bbox 1066 2364 1244 2446; x_wconf 89' lang='lat' dir='ltr'>composuit</span> <span class='ocrx_word' id='word_1_176' title='bbox 1259 2363 1411 2448; x_wconf 84' lang='lat' dir='ltr'>Evange-</span> 
     </span>
     <span class='ocr_line' id='line_1_22' title="bbox 281 2463 1409 2550; baseline 0.002 -22"><span class='ocrx_word' id='word_1_177' title='bbox 281 2466 372 2548; x_wconf 90' lang='lat' dir='ltr'>lium,</span> <span class='ocrx_word' id='word_1_178' title='bbox 388 2466 441 2529; x_wconf 84' lang='lat' dir='ltr'>vix</span> <span class='ocrx_word' id='word_1_179' title='bbox 454 2464 576 2549; x_wconf 88' lang='lat' dir='ltr'>antiqui</span> <span class='ocrx_word' id='word_1_180' title='bbox 591 2465 777 2550; x_wconf 85' lang='lat' dir='ltr'>loquuntur.</span> <span class='ocrx_word' id='word_1_181' title='bbox 793 2464 826 2526; x_wconf 92' lang='lat' dir='ltr'>S.</span> <span class='ocrx_word' id='word_1_182' title='bbox 840 2463 1053 2550; x_wconf 83' lang='lat' dir='ltr'>Hieronymus</span> <span class='ocrx_word' id='word_1_183' title='bbox 1063 2464 1112 2550; x_wconf 71' lang='lat'>(2)</span> <span class='ocrx_word' id='word_1_184' title='bbox 1125 2464 1219 2530; x_wconf 86' lang='lat' dir='ltr'>tradit</span> <span class='ocrx_word' id='word_1_185' title='bbox 1234 2488 1243 2530; x_wconf 77' lang='grc' dir='ltr'><strong><em>ε</em></strong></span> <span class='ocrx_word' id='word_1_186' title='bbox 1259 2491 1274 2526; x_wconf 77' lang='lat' dir='ltr'>u</span> <span class='ocrx_word' id='word_1_187' title='bbox 1289 2467 1409 2532; x_wconf 87' lang='lat' dir='ltr'>Lucam</span> 
     </span>
     <span class='ocr_line' id='line_1_23' title="bbox 282 2564 1409 2650; baseline 0.001 -19"><span class='ocrx_word' id='word_1_188' title='bbox 282 2566 462 2631; x_wconf 80' lang='lat' dir='ltr'>in&#39;hchaiae</span> <span class='ocrx_word' id='word_1_189' title='bbox 477 2565 659 2650; x_wconf 83' lang='lat' dir='ltr'>Beotiaeqne</span> <span class='ocrx_word' id='word_1_190' title='bbox 677 2564 821 2649; x_wconf 86' lang='lat' dir='ltr'>partibus</span> <span class='ocrx_word' id='word_1_191' title='bbox 835 2566 987 2630; x_wconf 87' lang='lat' dir='ltr'>volumen</span> <span class='ocrx_word' id='word_1_192' title='bbox 1011 2564 1200 2631; x_wconf 88' lang='lat' dir='ltr'>condidisse.</span> <span class='ocrx_word' id='word_1_193' title='bbox 1223 2595 1240 2630; x_wconf 86' lang='lat'>»</span> <span class='ocrx_word' id='word_1_194' title='bbox 1258 2570 1409 2634; x_wconf 87' lang='lat' dir='ltr'>Nonnulli</span> 
     </span>
     <span class='ocr_line' id='line_1_24' title="bbox 282 2665 1317 2765; baseline 0.001 -31"><span class='ocrx_word' id='word_1_195' title='bbox 282 2667 409 2734; x_wconf 86' lang='lat' dir='ltr'>codices</span> <span class='ocrx_word' id='word_1_196' title='bbox 423 2670 518 2754; x_wconf 81' lang='lat' dir='ltr'>graeci</span> <span class='ocrx_word' id='word_1_197' title='bbox 529 2666 672 2732; x_wconf 89' lang='lat' dir='ltr'>indicant</span> <span class='ocrx_word' id='word_1_198' title='bbox 686 2665 920 2751; x_wconf 85' lang='lat' dir='ltr'>Macedoniam,</span> <span class='ocrx_word' id='word_1_199' title='bbox 935 2667 1068 2763; x_wconf 89' lang='lat' dir='ltr'>quidam</span> <span class='ocrx_word' id='word_1_200' title='bbox 1083 2669 1137 2733; x_wconf 92' lang='lat' dir='ltr'>alii</span> <span class='ocrx_word' id='word_1_201' title='bbox 1156 2670 1317 2765; x_wconf 74' lang='lat' dir='ltr'>Romam]</span> 
     </span>
    </p>

    <p class='ocr_par' dir='ltr' id='par_1_6' title="bbox 128 2760 1411 2876">
     <span class='ocr_line' id='line_1_25' title="bbox 128 2760 1411 2876; baseline 0.004 -43"><span class='ocrx_word' id='word_1_202' title='bbox 128 2824 132 2833; x_wconf 82' lang='grc'>,</span> <span class='ocrx_word' id='word_1_203' title='bbox 325 2760 521 2876; x_wconf 57' lang='lat' dir='ltr'>dffempm.</span> <span class='ocrx_word' id='word_1_204' title='bbox 539 2769 752 2834; x_wconf 89' lang='lat' dir='ltr'>Probabiliter</span> <span class='ocrx_word' id='word_1_205' title='bbox 775 2770 859 2855; x_wconf 92' lang='lat' dir='ltr'>pluri</span> <span class='ocrx_word' id='word_1_206' title='bbox 895 2772 905 2834; x_wconf 91' lang='lat' dir='ltr'>i</span> <span class='ocrx_word' id='word_1_207' title='bbox 931 2781 1074 2835; x_wconf 88' lang='lat' dir='ltr'>asserunt</span> <span class='ocrx_word' id='word_1_208' title='bbox 1089 2771 1298 2857; x_wconf 83' lang='lat' dir='ltr'>Evangelium</span> <span class='ocrx_word' id='word_1_209' title='bbox 1316 2775 1411 2838; x_wconf 79' lang='lat' dir='ltr'>Luoae</span> 
     </span>
    </p>

    <p class='ocr_par' dir='ltr' id='par_1_7' title="bbox 180 2847 1531 3040">
     <span class='ocr_line' id='line_1_26' title="bbox 180 2847 1531 3040; baseline 0.002 -103"><span class='ocrx_word' id='word_1_210' title='bbox 180 2890 189 2909; x_wconf 92' lang='grc'><em>·</em></span> <span class='ocrx_word' id='word_1_211' title='bbox 283 2872 403 2938; x_wconf 86' lang='lat' dir='ltr'>editum</span> <span class='ocrx_word' id='word_1_212' title='bbox 419 2873 515 2937; x_wconf 80' lang='lat' dir='ltr'>tuisse</span> <span class='ocrx_word' id='word_1_213' title='bbox 532 2873 613 2936; x_wconf 87' lang='lat' dir='ltr'>intra</span> <span class='ocrx_word' id='word_1_214' title='bbox 633 2893 735 2936; x_wconf 91' lang='lat' dir='ltr'>annos</span> <span class='ocrx_word' id='word_1_215' title='bbox 751 2873 793 2937; x_wconf 77' lang='lat' dir='ltr'>ts</span> <span class='ocrx_word' id='word_1_216' title='bbox 808 2871 850 2936; x_wconf 89' lang='lat' dir='ltr'>ad</span> <span class='ocrx_word' id='word_1_217' title='bbox 892 2847 1000 2961; x_wconf 60' lang='lat' dir='ltr'>iaerae</span> <span class='ocrx_word' id='word_1_218' title='bbox 1016 2856 1175 3040; x_wconf 47' lang='lat' dir='ltr'>vulgari?</span> <span class='ocrx_word' id='word_1_219' title='bbox 1186 2874 1271 2939; x_wconf 87' lang='lat' dir='ltr'>Illud</span> <span class='ocrx_word' id='word_1_220' title='bbox 1286 2884 1409 2969; x_wconf 80' lang='lat' dir='ltr'>certum</span> <span class='ocrx_word' id='word_1_221' title='bbox 1528 2916 1531 2920; x_wconf 92' lang='lat'><em>-</em></span> 
     </span>
    </p>

    <p class='ocr_par' dir='ltr' id='par_1_8' title="bbox 282 2974 1411 3271">
     <span class='ocr_line' id='line_1_27' title="bbox 282 2974 1411 3064; baseline 0.001 -24"><span class='ocrx_word' id='word_1_222' title='bbox 282 2977 491 3062; x_wconf 77' lang='lat' dir='ltr'>Evangelium</span> <span class='ocrx_word' id='word_1_223' title='bbox 502 2985 576 3039; x_wconf 88' lang='lat' dir='ltr'>ante</span> <span class='ocrx_word' id='word_1_224' title='bbox 591 2974 689 3040; x_wconf 74' lang='lat' dir='ltr'>Actus</span> <span class='ocrx_word' id='word_1_225' title='bbox 704 2975 932 3061; x_wconf 82' lang='lat' dir='ltr'>Apostolorum</span> <span class='ocrx_word' id='word_1_226' title='bbox 948 2974 1114 3061; x_wconf 87' lang='lat' dir='ltr'>prodiisse.</span> <span class='ocrx_word' id='word_1_227' title='bbox 1162 2977 1216 3042; x_wconf 87' lang='lat' dir='ltr'>inc</span> <span class='ocrx_word' id='word_1_228' title='bbox 1231 2979 1285 3064; x_wconf 89' lang='lat' dir='ltr'>qui</span> <span class='ocrx_word' id='word_1_229' title='bbox 1301 2988 1411 3042; x_wconf 87' lang='lat' dir='ltr'>tenent</span> 
     </span>
     <span class='ocr_line' id='line_1_28' title="bbox 282 3077 1411 3166; baseline 0.001 -22"><span class='ocrx_word' id='word_1_230' title='bbox 282 3081 381 3144; x_wconf 79' lang='lat' dir='ltr'>hctus</span> <span class='ocrx_word' id='word_1_231' title='bbox 393 3079 588 3164; x_wconf 90' lang='lat' dir='ltr'>conscriptos</span> <span class='ocrx_word' id='word_1_232' title='bbox 603 3078 700 3143; x_wconf 84' lang='lat' dir='ltr'>luisse</span> <span class='ocrx_word' id='word_1_233' title='bbox 717 3077 758 3142; x_wconf 92' lang='lat' dir='ltr'>ad</span> <span class='ocrx_word' id='word_1_234' title='bbox 774 3077 872 3142; x_wconf 86' lang='lat' dir='ltr'>finam</span> <span class='ocrx_word' id='word_1_235' title='bbox 887 3078 1006 3142; x_wconf 84' lang='lat' dir='ltr'>biennii</span> <span class='ocrx_word' id='word_1_236' title='bbox 1023 3079 1120 3162; x_wconf 89' lang='lat' dir='ltr'>illius,</span> <span class='ocrx_word' id='word_1_237' title='bbox 1136 3079 1223 3166; x_wconf 92' lang='lat' dir='ltr'>quod</span> <span class='ocrx_word' id='word_1_238' title='bbox 1239 3081 1358 3145; x_wconf 83' lang='lat' dir='ltr'>Paulus</span> <span class='ocrx_word' id='word_1_239' title='bbox 1374 3081 1411 3144; x_wconf 86' lang='lat' dir='ltr'>in</span> 
     </span>
     <span class='ocr_line' id='line_1_29' title="bbox 283 3176 1411 3271; baseline 0.003 -26"><span class='ocrx_word' id='word_1_240' title='bbox 283 3184 394 3267; x_wconf 89' lang='lat' dir='ltr'>primis</span> <span class='ocrx_word' id='word_1_241' title='bbox 406 3183 471 3246; x_wconf 90' lang='lat' dir='ltr'>suis</span> <span class='ocrx_word' id='word_1_242' title='bbox 482 3182 617 3271; x_wconf 88' lang='lat' dir='ltr'>vinculis</span> <span class='ocrx_word' id='word_1_243' title='bbox 633 3183 745 3246; x_wconf 70' lang='lat' dir='ltr'>Romae</span> <span class='ocrx_word' id='word_1_244' title='bbox 761 3176 925 3267; x_wconf 73' lang='lat' dir='ltr'>hausagit,</span> <span class='ocrx_word' id='word_1_245' title='bbox 947 3183 1125 3251; x_wconf 85' lang='lat' dir='ltr'>necessario</span> <span class='ocrx_word' id='word_1_246' title='bbox 1141 3192 1249 3248; x_wconf 89' lang='lat' dir='ltr'>tenent</span> <span class='ocrx_word' id='word_1_247' title='bbox 1259 3186 1411 3269; x_wconf 77' lang='lat' dir='ltr'>Evange-</span> 
     </span>
    </p>

    <p class='ocr_par' dir='ltr' id='par_1_9' title="bbox 284 3284 1412 3368">
     <span class='ocr_line' id='line_1_30' title="bbox 284 3284 1412 3368; baseline 0.004 -21"><span class='ocrx_word' id='word_1_248' title='bbox 284 3287 363 3348; x_wconf 91' lang='lat' dir='ltr'>lium</span> <span class='ocrx_word' id='word_1_249' title='bbox 375 3286 467 3349; x_wconf 86' lang='lat' dir='ltr'>Luoae</span> <span class='ocrx_word' id='word_1_250' title='bbox 482 3284 594 3348; x_wconf 88' lang='lat' dir='ltr'>saltem</span> <span class='ocrx_word' id='word_1_251' title='bbox 613 3293 686 3348; x_wconf 91' lang='lat' dir='ltr'>ante</span> <span class='ocrx_word' id='word_1_252' title='bbox 706 3306 761 3348; x_wconf 91' lang='lat' dir='ltr'>an.</span> <span class='ocrx_word' id='word_1_253' title='bbox 780 3286 822 3348; x_wconf 85' lang='lat'>60</span> <span class='ocrx_word' id='word_1_254' title='bbox 839 3306 906 3349; x_wconf 88' lang='lat' dir='ltr'>esse</span> <span class='ocrx_word' id='word_1_255' title='bbox 927 3294 1103 3349; x_wconf 78' lang='lat' dir='ltr'>exaratum.</span> <span class='ocrx_word' id='word_1_256' title='bbox 1126 3286 1189 3368; x_wconf 81' lang='lat' dir='ltr'>Qui</span> <span class='ocrx_word' id='word_1_257' title='bbox 1207 3307 1284 3351; x_wconf 83' lang='lat' dir='ltr'>vero</span> <span class='ocrx_word' id='word_1_258' title='bbox 1300 3297 1412 3352; x_wconf 87' lang='lat' dir='ltr'>tenent</span> 
     </span>
    </p>

    <p class='ocr_par' dir='ltr' id='par_1_10' title="bbox 211 3386 1412 3580">
     <span class='ocr_line' id='line_1_31' title="bbox 211 3386 1410 3476; baseline 0.004 -25"><span class='ocrx_word' id='word_1_259' title='bbox 211 3472 213 3475; x_wconf 16' lang='grc' dir='ltr'>Ι</span> <span class='ocrx_word' id='word_1_260' title='bbox 285 3386 383 3452; x_wconf 83' lang='lat' dir='ltr'>Actus</span> <span class='ocrx_word' id='word_1_261' title='bbox 401 3396 472 3472; x_wconf 87' lang='lat' dir='ltr'>post</span> <span class='ocrx_word' id='word_1_262' title='bbox 489 3395 627 3451; x_wconf 88' lang='lat' dir='ltr'>mortem</span> <span class='ocrx_word' id='word_1_263' title='bbox 647 3387 738 3450; x_wconf 89' lang='lat' dir='ltr'>Pauli</span> <span class='ocrx_word' id='word_1_264' title='bbox 755 3409 822 3451; x_wconf 87' lang='lat' dir='ltr'>esse</span> <span class='ocrx_word' id='word_1_265' title='bbox 842 3386 944 3451; x_wconf 90' lang='lat' dir='ltr'>editos</span> <span class='ocrx_word' id='word_1_266' title='bbox 959 3386 1079 3473; x_wconf 77' lang='lat' dir='ltr'>babent</span> <span class='ocrx_word' id='word_1_267' title='bbox 1095 3391 1235 3476; x_wconf 86' lang='lat' dir='ltr'>amplius</span> <span class='ocrx_word' id='word_1_268' title='bbox 1257 3391 1410 3476; x_wconf 88' lang='lat' dir='ltr'>spatium,</span> 
     </span>
     <span class='ocr_line' id='line_1_32' title="bbox 285 3489 1412 3580; baseline 0.003 -27"><span class='ocrx_word' id='word_1_269' title='bbox 285 3491 317 3553; x_wconf 90' lang='lat' dir='ltr'>iu</span> <span class='ocrx_word' id='word_1_270' title='bbox 330 3510 396 3574; x_wconf 89' lang='lat' dir='ltr'>quo</span> <span class='ocrx_word' id='word_1_271' title='bbox 407 3498 538 3574; x_wconf 88' lang='lat' dir='ltr'>possunt</span> <span class='ocrx_word' id='word_1_272' title='bbox 550 3489 708 3553; x_wconf 81' lang='lat' dir='ltr'>collocare</span> <span class='ocrx_word' id='word_1_273' title='bbox 722 3490 955 3554; x_wconf 86' lang='lat' dir='ltr'>confectionem</span> <span class='ocrx_word' id='word_1_274' title='bbox 967 3491 1197 3576; x_wconf 78' lang='lat' dir='ltr'>Evangeliilix</span> <span class='ocrx_word' id='word_1_275' title='bbox 1209 3494 1309 3558; x_wconf 88' lang='lat' dir='ltr'>altera</span> <span class='ocrx_word' id='word_1_276' title='bbox 1320 3504 1412 3580; x_wconf 89' lang='lat' dir='ltr'>parte</span> 
     </span>
    </p>

    <p class='ocr_par' dir='ltr' id='par_1_11' title="bbox 285 3591 1415 3989">
     <span class='ocr_line' id='line_1_33' title="bbox 285 3591 1413 3678; baseline 0.001 -21"><span class='ocrx_word' id='word_1_277' title='bbox 285 3591 328 3657; x_wconf 90' lang='lat' dir='ltr'>ab</span> <span class='ocrx_word' id='word_1_278' title='bbox 351 3591 500 3656; x_wconf 90' lang='lat' dir='ltr'>omnibus</span> <span class='ocrx_word' id='word_1_279' title='bbox 516 3592 666 3676; x_wconf 79' lang='lat' dir='ltr'>antiquis,</span> <span class='ocrx_word' id='word_1_280' title='bbox 684 3602 828 3678; x_wconf 82' lang='lat' dir='ltr'>excepto,</span> <span class='ocrx_word' id='word_1_281' title='bbox 849 3602 883 3657; x_wconf 91' lang='lat' dir='ltr'>ut</span> <span class='ocrx_word' id='word_1_282' title='bbox 907 3591 1056 3676; x_wconf 84' lang='lat' dir='ltr'>diximus,</span> <span class='ocrx_word' id='word_1_283' title='bbox 1080 3594 1243 3659; x_wconf 82' lang='lat' dir='ltr'>Clemente</span> <span class='ocrx_word' id='word_1_284' title='bbox 1266 3596 1413 3660; x_wconf 79' lang='lat' dir='ltr'>Alexan-</span> 
     </span>
     <span class='ocr_line' id='line_1_34' title="bbox 285 3684 1412 3781; baseline 0.004 -23"><span class='ocrx_word' id='word_1_285' title='bbox 285 3693 391 3777; x_wconf 90' lang='lat' dir='ltr'>drino,</span> <span class='ocrx_word' id='word_1_286' title='bbox 411 3702 516 3758; x_wconf 90' lang='lat' dir='ltr'>ratum</span> <span class='ocrx_word' id='word_1_287' title='bbox 532 3684 669 3758; x_wconf 89' lang='lat' dir='ltr'>babetur</span> <span class='ocrx_word' id='word_1_288' title='bbox 685 3695 804 3759; x_wconf 87' lang='lat' dir='ltr'>Lucam</span> <span class='ocrx_word' id='word_1_289' title='bbox 827 3705 898 3781; x_wconf 89' lang='lat' dir='ltr'>post</span> <span class='ocrx_word' id='word_1_290' title='bbox 916 3696 1097 3759; x_wconf 87' lang='lat' dir='ltr'>Mattbaeum</span> <span class='ocrx_word' id='word_1_291' title='bbox 1118 3706 1150 3761; x_wconf 87' lang='lat' dir='ltr'>et</span> <span class='ocrx_word' id='word_1_292' title='bbox 1166 3699 1308 3763; x_wconf 85' lang='lat' dir='ltr'>Marcum</span> <span class='ocrx_word' id='word_1_293' title='bbox 1327 3700 1412 3763; x_wconf 88' lang='lat' dir='ltr'>scri-</span> 
     </span>
     <span class='ocr_line' id='line_1_35' title="bbox 286 3795 1415 3884; baseline 0.003 -22"><span class='ocrx_word' id='word_1_294' title='bbox 286 3800 396 3884; x_wconf 90' lang='lat' dir='ltr'>psisse,</span> <span class='ocrx_word' id='word_1_295' title='bbox 417 3795 474 3862; x_wconf 90' lang='lat' dir='ltr'>sed</span> <span class='ocrx_word' id='word_1_296' title='bbox 496 3805 568 3860; x_wconf 88' lang='lat' dir='ltr'>ante</span> <span class='ocrx_word' id='word_1_297' title='bbox 590 3797 759 3861; x_wconf 82' lang='lat' dir='ltr'>loannem.</span> <span class='ocrx_word' id='word_1_298' title='bbox 778 3800 817 3861; x_wconf 88' lang='lat' dir='ltr'>Et</span> <span class='ocrx_word' id='word_1_299' title='bbox 834 3819 946 3863; x_wconf 84' lang='lat' dir='ltr'>revera</span> <span class='ocrx_word' id='word_1_300' title='bbox 967 3800 992 3860; x_wconf 92' lang='lat' dir='ltr'>si</span> <span class='ocrx_word' id='word_1_301' title='bbox 1016 3800 1088 3884; x_wconf 87' lang='lat' dir='ltr'>quis</span> <span class='ocrx_word' id='word_1_302' title='bbox 1110 3810 1227 3864; x_wconf 89' lang='lat' dir='ltr'>attente</span> <span class='ocrx_word' id='word_1_303' title='bbox 1243 3802 1415 3865; x_wconf 86' lang='lat' dir='ltr'>contulerit</span> 
     </span>
     <span class='ocr_line' id='line_1_36' title="bbox 285 3891 1413 3989; baseline 0.005 -24"><span class='ocrx_word' id='word_1_304' title='bbox 285 3902 494 3989; x_wconf 71' lang='lat' dir='ltr'>Euangeliou]</span> <span class='ocrx_word' id='word_1_305' title='bbox 518 3901 611 3965; x_wconf 76' lang='lat' dir='ltr'>buca</span> <span class='ocrx_word' id='word_1_306' title='bbox 633 3920 708 3965; x_wconf 89' lang='lat' dir='ltr'>cum</span> <span class='ocrx_word' id='word_1_307' title='bbox 725 3898 852 3965; x_wconf 91' lang='lat' dir='ltr'>duobus</span> <span class='ocrx_word' id='word_1_308' title='bbox 870 3901 1031 3986; x_wconf 87' lang='lat' dir='ltr'>prioribus</span> <span class='ocrx_word' id='word_1_309' title='bbox 1050 3900 1268 3988; x_wconf 83' lang='lat' dir='ltr'>deprehendet</span> <span class='ocrx_word' id='word_1_310' title='bbox 1288 3891 1413 3971; x_wconf 72' lang='lat' dir='ltr'>bucam</span> 
     </span>
    </p>
   </div>
   <div class='ocr_carea' id='block_1_3' title="bbox 203 4150 1413 4405">
    <p class='ocr_par' dir='ltr' id='par_1_12' title="bbox 203 4150 1413 4405">
     <span class='ocr_line' id='line_1_37' title="bbox 203 4150 1413 4266; baseline -0.001 -39"><span class='ocrx_word' id='word_1_311' title='bbox 203 4231 206 4237; x_wconf 72' lang='grc'><strong>,</strong></span> <span class='ocrx_word' id='word_1_312' title='bbox 319 4174 424 4266; x_wconf 70' lang='lat' dir='ltr'>(ttici.</span> <span class='ocrx_word' id='word_1_313' title='bbox 444 4173 507 4234; x_wconf 81' lang='grc'>111,</span> <span class='ocrx_word' id='word_1_314' title='bbox 522 4176 547 4238; x_wconf 84' lang='lat' dir='ltr'>s;</span> <span class='ocrx_word' id='word_1_315' title='bbox 562 4174 647 4236; x_wconf 80' lang='lat' dir='ltr'>xxiv,</span> <span class='ocrx_word' id='word_1_316' title='bbox 664 4174 705 4239; x_wconf 71' lang='lat' dir='ltr'>su</span> <span class='ocrx_word' id='word_1_317' title='bbox 721 4174 827 4237; x_wconf 84' lang='lat' dir='ltr'>xxvur,</span> <span class='ocrx_word' id='word_1_318' title='bbox 843 4175 885 4239; x_wconf 84' lang='lat' dir='ltr'>m,</span> <span class='ocrx_word' id='word_1_319' title='bbox 901 4176 942 4237; x_wconf 83' lang='lat' dir='ltr'>su</span> <span class='ocrx_word' id='word_1_320' title='bbox 960 4176 1059 4231; x_wconf 67' lang='lat' dir='ltr'>cotos.</span> <span class='ocrx_word' id='word_1_321' title='bbox 1077 4150 1177 4241; x_wconf 69' lang='lat' dir='ltr'>mia</span> <span class='ocrx_word' id='word_1_322' title='bbox 1191 4176 1220 4229; x_wconf 90' lang='lat'>11</span> <span class='ocrx_word' id='word_1_323' title='bbox 1231 4177 1297 4229; x_wconf 73' lang='lat' dir='ltr'>ren.</span> <span class='ocrx_word' id='word_1_324' title='bbox 1310 4174 1353 4238; x_wconf 77' lang='lat' dir='ltr'>rs,</span> <span class='ocrx_word' id='word_1_325' title='bbox 1368 4177 1413 4237; x_wconf 78' lang='grc'>11;</span> 
     </span>
     <span class='ocr_line' id='line_1_38' title="bbox 286 4253 1346 4405; baseline 0.004 -19"><span class='ocrx_word' id='word_1_326' title='bbox 286 4253 482 4400; x_wconf 44' lang='lat' dir='ltr'>midi-bridio</span> <span class='ocrx_word' id='word_1_327' title='bbox 492 4336 584 4391; x_wconf 76' lang='lat' dir='ltr'>Metti.</span> <span class='ocrx_word' id='word_1_328' title='bbox 598 4336 650 4388; x_wconf 77' lang='lat' dir='ltr'>Gir.</span> <span class='ocrx_word' id='word_1_329' title='bbox 662 4336 766 4403; x_wconf 75' lang='lat' dir='ltr'>Gregor.</span> <span class='ocrx_word' id='word_1_330' title='bbox 780 4338 882 4391; x_wconf 82' lang='lat' dir='ltr'>Nazian.</span> <span class='ocrx_word' id='word_1_331' title='bbox 896 4341 986 4393; x_wconf 81' lang='lat' dir='ltr'>Carm.</span> <span class='ocrx_word' id='word_1_332' title='bbox 1002 4342 1154 4405; x_wconf 69' lang='grc'>11111111.</span> <span class='ocrx_word' id='word_1_333' title='bbox 1168 4340 1188 4391; x_wconf 89' lang='lat' dir='ltr'>l.</span> <span class='ocrx_word' id='word_1_334' title='bbox 1202 4340 1291 4393; x_wconf 68' lang='lat' dir='ltr'>cam</span> <span class='ocrx_word' id='word_1_335' title='bbox 1305 4337 1346 4390; x_wconf 80' lang='lat' dir='ltr'>ta</span> 
     </span>
    </p>
   </div>
   <div class='ocr_carea' id='block_1_4' title="bbox 0 0 1596 4958">
    <p class='ocr_par' dir='ltr' id='par_1_13' title="bbox 0 0 1596 4958">
     <span class='ocr_line' id='line_1_39' title="bbox 0 0 1596 4958; baseline 0 0"><span class='ocrx_word' id='word_1_336' title='bbox 0 0 1596 4958; x_wconf 95' lang='lat' dir='ltr'> </span> 
     </span>
    </p>
   </div>
  </div>
 </body>
</html>
