3142 4964
449 328 523 370 raas
541 330 564 370 1.
587 328 680 370 curor
693 330 716 369 r.
737 329 775 370 uu
787 329 1009 373 narraraucuo.
1182 320 1186 327 '
1251 313 1288 375 51

159 446 242 488 num
255 447 353 511 super
369 447 471 507 mare,
485 425 616 489 abstulit
628 423 709 488 illud
722 410 876 490 Dominus
887 425 984 490 flante
1000 438 1094 492 vento
1111 428 1292 492 vehementi

160 539 193 592 et
210 539 324 592 urente
345 539 411 593 teta
431 537 536 611 nocte,
559 537 591 591 ct
606 529 701 591 vertit
722 528 756 591 iu
775 529 896 592 siccum
919 552 927 590 τ
948 527 1113 615 divisaque
1131 539 1178 594 est
1193 552 1290 616 aqua.

159 632 201 694 Et
216 632 350 715 ingressi
367 640 439 695 sunt
454 629 510 694 filii
532 631 632 693 lsrael
649 651 706 714 per
730 629 872 694 medium
889 632 963 694 sicci
983 632 1080 695 maris
1100 654 1108 694 ε
1126 645 1191 696 eret
1211 636 1292 696 enim

160 755 245 817 epam
257 736 348 817 quasi
363 755 469 797 uterus
481 756 500 795 e
516 733 623 795 dextre
635 754 738 796 eorum
754 745 783 796 et
798 732 884 797 lieven
906 761 920 792 o
938 733 970 797 Si
983 755 1042 819 per
1055 733 1177 798 fluxum
1190 736 1292 800 sicea-1

161 845 232 898 tum
249 835 359 898 luisset
373 836 471 915 littus,
490 834 601 920 utique
621 820 714 920 aquae
733 855 798 899 nou
814 837 969 899 stetissent
989 857 1028 899 cx
1047 845 1184 922 utraque
1202 848 1292 921 parte

161 939 262 1001 instar
273 959 395 1002 murus.
411 937 559 1002 Ceterum
570 938 706 1022 AEgyptii
719 939 774 1023 qui
788 958 878 1024 oeque
891 937 974 1003 bene
986 960 1024 1003 ac
1036 940 1156 1024 Moyses
1169 939 1291 1003 fluxum

162 1062 203 1104 ac
214 1040 374 1104 refluxum
387 1039 520 1126 ejusque
532 1039 735 1104 durationem
750 1040 996 1125 cognoscebant,
1009 1042 1119 1126 utique
1133 1062 1196 1106 non
1209 1039 1291 1105 adeo

162 1143 340 1210 imbecilles
358 1144 492 1207 fuissent
508 1152 544 1206 ut
559 1163 591 1206 se
609 1143 701 1228 aquis
718 1144 815 1206 maris
830 1144 993 1208 refluentis
1010 1144 1102 1208 obrui
1123 1147 1291 1230 permitte-

162 1256 245 1309 rent.
263 1247 422 1309 Praeterea
437 1246 584 1309 universa
601 1244 785 1310 Judaeorum
802 1247 900 1328 natio,
923 1267 995 1333 quae
1012 1248 1180 1312 transitum
1195 1250 1292 1312 maris

163 1349 267 1413 Rubri
284 1350 418 1434 peregit,
442 1370 516 1413 eum
534 1369 662 1434 semper
677 1368 736 1433 pro
752 1350 872 1434 ingenti
887 1348 1033 1435 prodigio
1048 1350 1161 1415 babuit
1177 1360 1208 1415 et
1220 1349 1292 1415 filiis

162 1473 203 1514 ac
221 1452 355 1536 posteris
367 1462 522 1536 tanquam
540 1450 734 1537 stupendum
743 1453 935 1516 miraculum
953 1454 1134 1538 ingratiam
1149 1455 1291 1539 ipsorum

163 1577 184 1618 a
200 1556 266 1618 Deo
282 1555 403 1619 factum
421 1555 594 1618 enerravit.
613 1552 716 1640 Hujus
733 1556 879 1618 miraculi
896 1557 1051 1620 memoria
1067 1557 1200 1621 etfama
1217 1578 1291 1621 cum

163 1658 283 1741 ingenti
301 1655 514 1721 admiratione
534 1655 590 1720 diu
610 1657 710 1741 viguit
729 1655 816 1742 apud
835 1658 957 1722 vicinos
978 1659 1125 1744 populos,
1148 1669 1183 1723 ut
1204 1669 1292 1744 patet

164 1782 204 1821 ex
226 1760 332 1823 verbis
346 1760 462 1824 Rahab
481 1757 523 1822 ad
539 1760 755 1843 exploratores
771 1781 790 1822 a
804 1759 900 1823 Josue
914 1761 1026 1824 missos
1039 1760 1087 1845 (l)
1101 1770 1131 1825 at
1146 1760 1291 1824 Achioris

163 1863 421 1926 Ammonitarum
439 1862 541 1945 ducis,
561 1861 602 1926 ad
624 1862 864 1946 Holophernem
881 1863 940 1947 (ᾖ).
961 1864 1030 1927 lmo
1047 1873 1178 1927 testatur
1193 1863 1292 1927 Arta-

163 1985 267 2047 panus
283 1964 343 2049 (ὅ),
359 1965 495 2049 scriptor
516 1964 672 2045 ethnicus,
689 1965 784 2028 istum
800 1967 967 2029 transitum
983 1966 1026 2030 ab
1045 1988 1109 2030 una
1123 1967 1291 2052 AEgyptio-

161 2087 237 2129 rum
253 2076 343 2151 parte
354 2076 390 2130 ut
401 2077 550 2132 eventum
572 2069 764 2149 naturalem,
778 2067 821 2131 ab
833 2069 934 2132 altera
954 2089 1030 2133 vero
1046 2078 1082 2132 ut
1099 2070 1290 2133 miraculum

161 2168 311 2232 habitum
322 2170 430 2234 lmese.
446 2170 558 2234 Refert
569 2172 655 2234 enim
674 2194 688 2228 e
708 2170 898 2254 Memphites
913 2168 1032 2253 dicere,
1050 2192 1124 2235 cum
1138 2191 1291 2261 magnam

161 2273 310 2337 locorum
329 2272 462 2337 haberet
482 2273 602 2357 Moyses
621 2272 780 2357 peritiam,
802 2273 962 2336 refluxum
978 2274 1077 2337 maris
1093 2272 1289 2355 observasse,

162 2398 202 2440 ac
214 2379 256 2440 ita
265 2398 338 2441 cum
349 2379 468 2462 populo
479 2377 671 2440 transivisse.
683 2376 891 2461 Heliopolites
903 2385 1011 2439 autem
1023 2386 1154 2461 propter
1166 2395 1289 2461 ganam,

162 2500 264 2564 quam
276 2477 377 2543 Judaei
390 2491 501 2543 mutuo
511 2478 721 2561 abstulerunt,
735 2499 845 2563 regem
857 2487 1053 2543 commotum
1063 2499 1180 2563 magna
1192 2499 1293 2542 manu
1390 2500 1391 2504 ¹

161 2584 198 2643 in
221 2581 347 2646 Judaeos
371 2582 552 2666 profectum
577 2581 684 2645 luisse.
710 2582 838 2666 Moysen
860 2602 937 2645 vero
963 2582 1153 2666 percussisse
1175 2580 1291 2646 baculo

161 2704 266 2763 mare,
283 2693 318 2745 ut
331 2684 447 2747 coelesti
465 2703 541 2747 voce
557 2681 739 2746 admonitus
754 2682 825 2763 fuit,
840 2693 872 2745 et
884 2683 939 2763 sic,
962 2681 1062 2746 diviso
1076 2703 1166 2746 mare
1184 2691 1292 2746 trans-

46 2808 51 2815 ·
160 2787 237 2847 isse.
255 2811 269 2844 s
283 2784 348 2848 Nec
359 2784 459 2849 refert
471 2784 646 2868 Josephum
662 2781 703 2846 de
720 2784 779 2847 isto
798 2784 954 2847 miraculo
970 2783 1168 2848 haesitantem
1183 2784 1290 2848 tulisse

160 2888 364 2969 sententiam,
381 2908 480 2971 quum
495 2888 563 2971 ipse
584 2908 643 2971 pro
661 2888 794 2950 ethnicis
812 2886 930 2951 scribat
945 2895 976 2950 et
994 2886 1112 2950 idcirco
1130 2887 1290 2951 calamum

158 2987 410 3071 temperandum
429 2996 555 3074 putaret
571 2987 631 3073 (4).

208 3092 262 3153 st.
287 3093 417 3155 Instent.
444 3091 603 3173 Narratio,
630 3110 701 3176 quae
730 3089 1033 3154 contradictionibus
1057 3099 1166 3173 scatet,
1192 3109 1290 3152 verax

160 3216 233 3258 esse
257 3195 378 3280 nequit.
403 3195 501 3280 Atqui
525 3195 596 3257 talis
626 3203 673 3257 est
696 3194 848 3278 expositio
873 3193 1042 3277 plagarum
1066 3193 1204 3278 AEgypti.
1238 3192 1290 3256 Sic

157 3297 263 3361 Exod.
290 3297 372 3380 Vll,
397 3297 495 3360 20-21
523 3297 661 3382 refertur
685 3296 812 3380 Moysen
844 3296 933 3380 virga
966 3297 1155 3379 percussisse
1178 3316 1291 3381 uquam

157 3401 301 3483 fluminis
316 3421 382 3484 puoe
395 3421 482 3463 cerm
494 3410 537 3463 est
551 3401 583 3461 ie
596 3400 775 3482 sanquinem
788 3408 819 3461 et
828 3398 896 3462 'bae
906 3398 1186 3483 plagaseapuinem
1195 3400 1291 3483 faisse

158 3507 196 3566 in
214 3514 276 3565 tota
289 3515 368 3565 terra
381 3502 521 3589 AEpyptt'.
540 3502 643 3566 Versu
658 3510 765 3565 autem
782 3502 926 3587 sequenti
944 3499 1059 3564 dicitur
1074 3523 1177 3587 meges
1187 3503 1292 3587 facim

155 3605 314 3670 similiter.
325 3605 425 3669 Porro
437 3602 528 3668 adest
539 3604 592 3667 hic
604 3624 679 3667 vera
693 3603 912 3668 contradictio.
924 3602 1093 3683 Quomodo
1107 3604 1192 3667 enim
1205 3606 1291 3689 magi

156 3708 309 3771 fecerunt
331 3706 485 3785 similiter,
508 3725 583 3769 cum
606 3727 670 3769 non
699 3707 837 3790 amplius
860 3704 955 3768 fuerit
983 3705 1015 3767 in
1045 3707 1180 3790 AEgypto
1204 3727 1289 3791 aqua

157 3831 262 3896 quam
275 3818 435 3874 mutarent
447 3810 481 3872 in
500 3806 715 3893 sanguinem?

205 3911 260 3974 92.
276 3911 366 3994 Rcsp.
378 3911 410 3974 1⁰
422 3931 495 3975 cum
508 3909 541 3973 S.
555 3910 678 3973 Justino
690 3910 742 3974 vel
756 3911 898 3995 quisquis
911 3910 1008 3974 fuerit
1018 3920 1129 3975 auctor
1141 3912 1286 3994 Respoas.

193 4095 295 4158 (istos.
310 4093 341 4155 11,
356 4094 396 4144 to.

191 4178 229 4240 (2²)
238 4176 336 4236 tractet,
352 4176 382 4237 V,
393 4175 434 4229 lt.

125 4288 130 4294 ·
190 4261 230 4322 (ὅ)
244 4259 293 4320 tp.
309 4256 457 4319 Eusebium,
470 4257 559 4323 Proep.
572 4270 663 4322 evang.
674 4258 718 4307 tib.
732 4257 774 4319 tx,
787 4271 841 4322 cap.
854 4261 901 4310 ult.
926 4256 928 4261 ’

196 4344 233 4405 (t)
245 4340 299 4392 Cir.
312 4340 397 4401 Veitb,
408 4340 504 4405 Script.
515 4345 608 4391 centra
618 4340 764 4391 incredulos
777 4355 919 4408 propago,
933 4349 998 4404 part.
1007 4341 1027 4403 l,
1042 4354 1065 4392 e.
1077 4340 1102 4403 2,
1117 4338 1165 4408 §2
