3134 4934
315 298 390 341 rans
402 298 438 342 n.
453 295 547 339 canor
560 295 601 337 vr.
617 294 655 336 on
667 293 779 336 seman
791 291 938 335 arrsroms
950 292 1135 338 osraouors.
1225 275 1294 338 581'

206 399 260 463 ΙΙ.
277 397 419 461 Ecclesia
429 395 558 480 Syriaca
574 390 617 456 ab
631 391 719 455 initio
732 390 906 476 Epistulam
919 390 1032 454 Jacohi
1048 391 1130 454 inter
1144 391 1289 477 Scriptu-

158 522 212 564 ras
230 500 352 585 recepit
368 500 400 562 in
415 499 561 563 versione
577 494 729 559 Perrhito.
752 493 784 556 S.
806 494 993 579 Ephraemus
1013 494 1132 578 pluries
1148 516 1220 558 cam
1238 497 1291 559 al-

157 603 277 688 legavit
300 602 348 688 (1)
371 611 403 666 et
426 621 500 665 cum
525 620 562 680 eo
585 597 724 661 Jacohus
743 594 922 659 Edessenus
942 594 990 680 (Ι)
1015 596 1235 681 Monophysita
1259 607 1291 661 et

157 704 345 770 Eheu-tosa
367 704 571 769 Nestorianus
583 701 643 786 (5).
664 699 834 783 Scripturis
853 697 993 784 deniquo
1007 709 1239 763 annumeratur
1258 703 1291 764 in

158 809 358 874 versionibus
379 808 509 893 coptieis
525 815 557 869 et
571 804 721 886 arabicis,
739 803 820 866 sicut
838 803 870 865 in
891 803 1056 888 athiopica
1073 811 1105 866 et
1125 803 1158 866 iu
1178 823 1289 867 arme-

158 914 262 978 niaco.

421 1125 463 1188 ΙΙ.
492 1125 536 1186 De
557 1121 673 1186 duobus
696 1122 729 1188 S.
755 1121 847 1185 Petri
867 1123 1024 1207 Epistodis.

202 1351 233 1414 Ι.
257 1349 289 1412 S.
317 1348 408 1410 Petri
429 1344 667 1434 vitu.,Petrus,
690 1352 783 1406 antea
820 1342 929 1406 Simon
965 1355 1096 1410 vocatus
1135 1347 1289 1412 Bctsaida

156 1451 296 1519 Calilaeae
313 1450 396 1531 vieo,
420 1457 510 1533 patre
528 1447 622 1528 Jona,
645 1432 736 1509 natus
763 1454 808 1508 est
826 1445 886 1529 (Ι).
909 1444 960 1509 Ad
980 1452 1192 1532 apostolatum
1216 1473 1290 1514 cnm

158 1554 258 1619 fratre
290 1573 346 1616 suo
370 1548 500 1615 andrea
527 1557 657 1613 vocatus
681 1548 741 1611 tuit
765 1570 784 1611 a
805 1548 940 1631 Christo,
957 1571 1031 1614 cum
1055 1552 1163 1635 ambo,
1182 1565 1291 1639 utpote

159 1657 356 1743 professione
371 1655 556 1738 piscatores,
567 1653 729 1715 mitterent
741 1660 809 1714 rete
822 1652 854 1714 in
867 1672 957 1716 mare
972 1652 1031 1738 (5).
1040 1656 1170 1720 Mutavit
1183 1666 1289 1720 autem

157 1759 252 1822 ,iesus
274 1754 343 1841 ejus
368 1774 497 1816 nomem
518 1752 655 1816 Simonis
674 1753 707 1815 in
730 1752 885 1837 Cepham,
908 1753 995 1839 qnod
1018 1757 1139 1840 syriace
1162 1759 1292 1822 Petrum

162 1860 321 1945 signifieat
345 1856 403 1942 (6).
429 1857 529 1919 Porro
552 1855 664 1918 Petrus
691 1875 791 1940 quum
815 1856 949 1939 primus,
983 1878 1084 1941 prope
1107 1859 1290 1924 Caesaraeam

164 1962 317 2047 Philippi,
341 1959 454 2024 Christi
478 1957 678 2021 divinitatem
705 1957 869 2021 confessus
892 1958 1012 2041 fuisset,
1039 1961 1172 2046 abipso
1196 1966 1293 2027 totius

166 2065 315 2130 Ecclesiae
329 2064 473 2148 regimen
493 2062 629 2145 aceepit,
651 2058 739 2145 quod
759 2069 835 2124 tuuc
858 2061 916 2144 ipsi
934 2063 1125 2146 promissum
1146 2076 1217 2150 post
1236 2089 1292 2129 re-

166 2169 394 2232 surrectionem
409 2184 594 2228 concessum
608 2163 668 2225 fuit
681 2162 739 2247 (7).
757 2162 855 2226 Plura
871 2163 956 2227 Petri
977 2166 1129 2249 praeclare
1149 2178 1235 2252 gesta
1259 2172 1292 2233 in

164 2269 339 2354 Evangelio
353 2276 572 2330 memorantur
587 2264 647 2349 (8).
660 2264 783 2329 Christo
796 2274 902 2328 autem
924 2287 942 2329 a
961 2265 1079 2331 Judaeis
1100 2280 1205 2354 capto,
1228 2271 1292 2334 Pe-

164 2381 243 2454 trus,
258 2373 314 2435 etsi
327 2380 420 2434 antea
438 2390 511 2432 cum
525 2370 678 2453 magistro
692 2368 773 2431 mori
786 2377 898 2452 sponte
918 2370 1123 2457 promisisset,
1150 2396 1222 2439 cum
1244 2385 1293 2438 ter

166 2476 312 2560 negavit,
338 2471 391 2537 sed
414 2472 518 2536 statim
540 2479 670 2556 aspectu
703 2469 816 2533 Christi
837 2491 1019 2556 conversus,
1041 2495 1185 2560 egressus
1205 2479 1292 2542 foras

164 2573 444 2659 flevitamare(9).

207 2682 240 2743 2.
266 2681 342 2743 Post
363 2678 582 2742 ascensionem
604 2677 717 2740 Petrus
740 2678 893 2741 Mathiam
916 2680 949 2743 in
974 2681 1080 2745 locum
1100 2683 1191 2747 Judae
1217 2708 1291 2769 pro·

163 2783 273 2848 ditoris
290 2778 473 2866 eligendum
490 2779 623 2861 curavit,
644 2779 676 2841 in
698 2778 750 2842 die
770 2780 970 2845 Pentecostcs
990 2784 1112 2867 primus
1132 2786 1291 2852 Christum

163 2884 341 2971 praedioans
353 2884 470 2947 multos
483 2882 651 2965 convertit,
673 2882 816 2966 Saphiree
834 2892 865 2945 ct
881 2883 1012 2948 Ananiae
1028 2885 1159 2951 fraudes
1177 2892 1290 2974 puniit,

163 2987 370 3054 Samaritanis
392 2986 552 3051 conversis
569 2984 653 3049 dona
673 2985 807 3070 Spiritus
831 2987 931 3051 saneti
956 2991 1214 3074 communicavit,
1240 2993 1292 3057 Si-

164 3113 260 3156 mone
273 3111 368 3174 mago
384 3089 593 3173 reprehenso,
615 3089 722 3152 multis
740 3089 902 3153 miraculis
922 3091 953 3152 in
971 3093 1102 3176 templo,
1119 3094 1151 3157 in
1168 3094 1290 3180 Lydda,

164 3195 196 3257 in
217 3192 332 3277 Joppe,
355 3190 431 3254 alibi
449 3188 546 3252 fidem
567 3190 757 3273 propagavit
777 3199 806 3253 et
828 3191 944 3253 coeiesti
968 3191 1087 3257 visione
1112 3193 1293 3262 admonitus

166 3294 349 3361 Cornelium
370 3293 589 3357 centurionem
613 3292 775 3355 ethnicum
797 3292 978 3377 baptizavit,
1005 3296 1037 3357 in
1060 3298 1188 3363 vincula
1213 3323 1293 3366 con-

167 3499 194 3549 S.
209 3498 295 3562 cyrill.
307 3497 397 3557 leros,
409 3494 511 3546 Cotrod.
523 3493 616 3555 1v‚3t;
630 3494 657 3544 S.
672 3494 807 3557 Epiphan,
821 3499 888 3546 Hoer.
905 3496 945 3558 76,
958 3510 1012 3562 cap.
1026 3500 1050 3565 53
1064 3503 1090 3553 S.
1107 3503 1210 3567 Gregor.
1223 3508 1295 3570 Naz„

167 3581 234 3644 opp.
249 3587 268 3630 t.
278 3579 309 3641 ΙΙ,
323 3577 381 3641 aon
393 3577 499 3627 otiorum
510 3575 653 3626 testimonia
664 3576 715 3626 vid.
728 3590 770 3638 ap.
783 3577 873 3640 Liagre
887 3579 932 3630 ΙΙΙ».
946 3582 990 3632 eit.
1004 3596 1029 3645 p.
1043 3582 1075 3634 28
1086 3586 1127 3635 58.

200 3663 235 3725 (Ι)
248 3662 311 3725 Ejus
322 3659 453 3710 citationes
462 3657 564 3721 require
574 3671 614 3721 op.
629 3657 718 3720 Ltagre
727 3659 744 3709 Ι.
756 3671 779 3709 e.
1066 3668 1069 3673 ’

201 3745 236 3809 (2)
247 3746 303 3795 t'id.
315 3755 398 3793 meam
415 3742 532 3800 Dissert,
545 3740 580 3791 De
591 3741 683 3804 Syror.
696 3740 742 3804 fide
754 3755 778 3804 p.
793 3743 849 3792 118.

200 3827 237 3889 (ὅ)
249 3826 296 3888 tp.
313 3824 453 3883 hssemom,
468 3822 588 3875 uiolata.
600 3824 700 3873 Orteut.
714 3822 755 3885 m,
765 3831 829 3886 port.
843 3825 863 3876 1.
877 3839 904 3889 p.
915 3826 939 3876 9.

199 3910 235 3973 (Ι)
246 3907 322 3958 Jouu.
335 3906 374 3967 tv,
387 3906 473 3955 ΙΙΗΙ.

197 3994 233 4058 (5)
246 3991 335 4042 narrt.
347 3990 388 4051 ΙΙΙ,
402 3988 486 4040 itt-so.

197 4075 233 4138 (6)
244 4075 322 4125 loon.
331 4072 352 4128 Ι.
365 4071 407 4122 tu.

200 4156 236 4222 (7)
246 4155 340 4206 Motttr.
354 4153 417 4212 xvi,
434 4153 510 4203 15-19
524 4166 530 4203 :
543 4152 619 4203 Joau.
630 4152 692 4214 xxi,
708 4154 793 4206 tots.

201 4239 237 4303 (8)
249 4240 309 4290 tue.
321 4237 351 4298 V,
365 4237 415 4297 1-8;
431 4234 522 4286 Multis.
535 4234 597 4298 viv,
611 4234 652 4295 283
665 4235 742 4286 Joua.
754 4236 818 4298 ΧΙΙΙ,
829 4237 882 4287 6-9.

203 4320 238 4384 (9)
249 4321 310 4371 Luc.
325 4316 401 4379 ΙΙΙΙΙΙ,
414 4315 446 4365 62
