3132 4964
425 285 499 326 raus
513 284 536 325 1.
555 283 647 324 carm
660 283 703 323 rx.
723 281 760 325 oa
775 280 864 323 ursan
878 281 1002 325 barnan.
1041 294 1047 321 z
1238 261 1279 325 95

149 404 242 466 num,
278 383 457 465 Petavium,
487 382 678 462 ¹Cellicrum,
708 380 754 443 De
772 380 897 460 Venae,
928 379 1017 444 alios.
1046 381 1130 445 Jahn
1157 389 1277 464 autem,

149 484 371 567 Achermann,
391 485 515 558 Scholz,
533 483 717 567 Hanebcrg,
735 481 968 577 Ghiringhello,
982 504 1021 546 ex
1041 484 1177 548 Assucro
1193 486 1279 548 Xer-

149 609 223 651 xem
248 588 405 658 fecerunt.
429 589 536 652 Welte
560 596 591 650 et
613 588 666 650 alii
687 585 842 649 remotius
870 584 1077 650 ascendentes
1101 588 1279 672 cogitarunt

149 690 188 754 de
207 692 320 776 aliquo
338 712 413 776 rege
430 690 597 754 Medorum
613 711 710 775 quem
724 689 840 752 Niches
856 689 1030 774 Cyaxarcm
1047 692 1143 754 suissc
1159 693 1276 755 statuit.

150 794 354 858 Probabilius
371 804 479 857 tamen
495 803 541 857 est
559 793 733 856 Assuerum
750 794 801 856 vel
814 793 954 855 Xerxem
970 814 1037 857 esse
1056 795 1106 856 vel
1127 793 1279 857 Artaxer-

151 919 223 960 xem
242 898 478 983 Longimanum
494 895 554 982 (l)

34 1002 43 1055 ¹.
83 1006 101 1085 ,¹
193 1000 225 1062 5.
252 999 380 1062 Auctor.
405 999 538 1061 Plurimi
562 1005 670 1060 tenent
693 994 930 1060 Mardochaeum
955 1007 986 1062 et
1007 997 1172 1087 Estherem
1189 1003 1279 1062 com-

151 1102 240 1165 muni
266 1101 399 1165 consilio
421 1102 505 1164 hanc
525 1100 689 1164 historiam
714 1097 890 1183 digessisse.
910 1101 993 1165 Huic
1012 1102 1172 1164 sententiar
1193 1102 1279 1164 iavet

34 1204 45 1243 f
132 1199 253 1267 [versio
273 1204 306 1266 S.
326 1203 523 1288 Hieronymi,
543 1204 654 1288 inqua
675 1203 809 1287 legimus
825 1224 896 1287 cap.
914 1204 971 1285 IX,
986 1204 1028 1267 ab
1046 1227 1054 1266 τ
1074 1204 1201 1289 Scripsit
1217 1208 1280 1267 ita-

34 1332 35 1343 *
115 1309 121 1317 “
153 1329 208 1390 que
230 1306 438 1369 Mardochoeus
464 1309 567 1369 cronio
591 1305 674 1379 hnc,
710 1316 737 1368 et
766 1303 874 1370 litteris
897 1307 1109 1391 eootpreltertao
1134 1309 1217 1371 mitit
1240 1307 1280 1369 od
1358 1312 1363 1324 '

152 1402 286 1482 totaeos,
304 1409 359 1492 qui
379 1410 413 1470 io
433 1406 570 1470 coraibus
588 1409 667 1490 repis
687 1408 852 1491 prouinciis
873 1407 1080 1471 irrorabantur.
1101 1407 1192 1474 Vers.
1211 1409 1278 1471 26:

34 1556 36 1587 ζ
121 1586 124 1591 ,
152 1514 191 1573 Et
213 1522 332 1583 cancta,
352 1531 418 1595 que
438 1521 521 1594 pasto
539 1521 620 1582 sarit,
638 1508 782 1591 epistotae,
800 1509 900 1582 idest,
925 1509 997 1573 tito·
1017 1509 1109 1595 hujus
1130 1509 1279 1574 volumine

153 1600 354 1695 contineatur.
369 1615 407 1676 Et
423 1634 505 1676 vers.
525 1613 566 1675 29
582 1635 589 1675 ε
603 1613 853 1696 Scripseruotque
867 1612 977 1678 Esther
991 1617 1106 1699 sepino,
1115 1613 1183 1700 filio
1198 1615 1279 1690 Att-

95 1741 101 1749 ·
133 1788 138 1793 ⁴
154 1700 481 1799 aeternaitatem
494 1715 619 1779 toton
632 1717 722 1777 etiam
733 1716 894 1779 secundom
906 1715 1074 1800 epistolam,
1085 1726 1145 1780 etc.
1157 1716 1280 1781 Deinde

34 1850 36 1885 r
88 1871 91 1877 .
154 1839 234 1882 vera.
256 1817 370 1881 51-52
392 1816 529 1880 retertur
552 1815 690 1898 Judaeos,
710 1817 788 1879 sicut
813 1817 1039 1881 constituerant
1063 1817 1281 1882 Mardochaeus

40 1926 44 1933 '
155 1930 184 1983 ct
201 1921 327 2001 Esther,
346 1917 547 2007 observanda
573 1919 746 2003 suscepisse
771 1918 883 1992 omitia,
912 1941 978 2004 quae
1001 1918 1073 1982 libri
1099 1920 1202 2005 bajas,
1228 1923 1282 2005 qui

156 2037 275 2088 uocatur
292 2023 412 2096 Esther,
427 2023 555 2086 historio
573 2027 774 2086 continentur.
794 2021 856 2085 Sed
874 2023 906 2085 in
923 2032 1009 2086 textu
1030 2023 1158 2088 hebraeo
1175 2024 1280 2086 solum

156 2112 271 2217 dicitur
292 2148 300 2187 τ
325 2125 432 2188 Sermo
455 2135 556 2188 autem
579 2123 716 2188 Estheria
741 2125 924 2208 confirmans
947 2146 994 2188 res
1016 2137 1044 2186 et
1066 2125 1148 2209 sacto
1170 2123 1281 2187 hortem

34 2304 36 2319 ι
156 2227 290 2291 Sortium
306 2229 489 2311 conscriptus
503 2227 564 2312 suit
581 2229 613 2291 io
630 2227 716 2291 libro.
736 2228 818 2291 Hinc
832 2227 886 2291 alii
903 2225 1022 2310 Esdrae,
1037 2228 1090 2293 alii
1108 2227 1281 2313 Synagogae
1370 2230 1372 2235 '

34 2322 36 2375 l
117 2326 126 2395 j
156 2350 291 2421 magnae,
309 2322 444 2403 aliialiis
464 2329 584 2394 librum
602 2329 769 2393 tribuunt(
804 2327 936 2414 urdquid
952 2330 1001 2411 sit,
1022 2337 1126 2392 noster
1143 2330 1282 2393 Estheris

34 2440 35 2443 ’
157 2428 244 2496 liber
261 2454 302 2496 ex
319 2426 508 2497 authenticis
531 2431 722 2496 Mardochaei
747 2454 761 2494 s
780 2432 869 2516 rrptis
893 2441 925 2494 et
945 2453 984 2494 ex
1008 2431 1176 2495 annalibus
1192 2432 1282 2517 regni
1429 2512 1433 2519 r

117 2525 118 2528 ¹
157 2537 327 2599 Persarum
339 2535 531 2621 compositus
543 2536 650 2618 fuerit,
663 2536 688 2598 si
701 2532 1010 2599 nonaMardochaeo
1023 2534 1103 2618 ipso,
1114 2536 1226 2598 saltem
1240 2534 1282 2612 ab
1386 2536 1392 2557 ⁸
1439 2528 1476 2551 ''

159 2640 231 2725 alio,
253 2640 321 2725 qui,
339 2648 441 2725 stante
454 2638 560 2703 adhuc
576 2640 746 2702 Persarum
766 2639 912 2723 imperio,
927 2637 1092 2700 historiam
1107 2637 1202 2721 hanc,
1219 2659 1281 2702 non

160 2740 213 2805 din
235 2750 307 2828 post
330 2751 500 2824 eventum,
526 2742 636 2804 litteris
660 2740 870 2805 mandaverit.
896 2739 1021 2803 Etenim
1040 2739 1111 2825 jam
1141 2742 1282 2806 exstabat

160 2842 239 2910 liber
253 2845 394 2909 Estheris
409 2855 581 2930 antequam
605 2843 850 2908 concluderetur
871 2864 974 2907 canon
990 2842 1153 2927 Esdrinus,
1171 2844 1205 2906 in
1220 2866 1283 2929 quo

161 2959 307 3033 receptus
323 2922 555 3040 fuit]lnclusus
578 2948 697 3032 pariter
720 2947 780 3009 suit
805 2949 837 3010 in
855 2946 999 3008 versione
1024 2945 1119 3009 LXX.
1146 2945 1284 3026 Quidam

161 3061 324 3115 auctorem
340 3052 550 3115 recentiorem
563 3049 697 3114 indicari
713 3059 826 3135 putant
841 3070 880 3112 ex
894 3069 932 3111 eo
951 3045 1038 3133 quod
1055 3050 1215 3112 nonnulla
1229 3070 1285 3112 re-

193 3316 296 3381 (t)Vid.
310 3314 492 3378 Ghiringhetlo,
509 3312 553 3363 tro.
566 3314 610 3363 eit.
625 3328 651 3376 p.
671 3272 898 3403 itit-553.Elerxes
912 3321 939 3365 et
950 3313 1084 3376 Assuems,
1099 3314 1183 3378 inquit
1196 3313 1285 3385 doctus
1316 3312 1350 3367 c(
1360 3205 1531 3418 ‹lyeg-

163 3399 209 3459 νὴ,
226 3405 336 3463 uterque
351 3398 427 3449 tertio
445 3397 515 3459 regni
532 3409 598 3445 anno
615 3397 738 3460 primores
755 3394 890 3446 Persarum
908 3397 980 3449 Susis
996 3404 1143 3455 convocare
1164 3398 1203 3446 hic
1218 3397 1285 3447 sole-

163 3480 227 3530 mnis
244 3493 273 3529 ac
292 3478 458 3530 diuturnioris
475 3464 581 3526 conviiii
600 3489 675 3527 causa
698 3475 781 3537 (Estb.
798 3475 868 3540 1,5);
886 3478 972 3527 illem
989 3491 1048 3528 cum
1066 3478 1155 3529 iisdem
1173 3480 1205 3530 de
1221 3478 1287 3530 hetlo

163 3569 248 3612 contra
264 3561 364 3611 Graecos
380 3559 538 3622 suscipiendo
562 3557 713 3608 deliberaret
732 3557 838 3620 (Herod.
856 3557 908 3615 ΙΙΙΙ,
925 3559 961 3621 8),
980 3561 1048 3624 quod
1065 3561 1096 3611 ad
1116 3560 1183 3611 idem
1201 3562 1283 3624 redit;

163 3630 307 3708 hujusmodi
321 3655 430 3707 namque
447 3641 548 3692 consilia
567 3642 634 3691 inter
651 3641 739 3703 epulas
757 3640 851 3703 agitare
868 3642 980 3691 solebant
997 3641 1079 3692 Persa
1099 3642 1193 3703 (Amor.
1212 3643 1286 3693 Mar-

164 3727 216 3776 cett.
230 3727 247 3777 l.
259 3726 345 3789 livill,
365 3741 387 3778 e,
407 3728 442 3786 5).
462 3725 534 3787 Quod
546 3731 633 3774 autem
651 3724 677 3774 in
695 3725 777 3774 locum
791 3724 877 3774 Vasthi
893 3725 1003 3775 dimissae
1019 3726 1118 3775 nonnisi
1131 3734 1187 3788 post
1204 3727 1286 3776 trien·

164 3809 233 3858 nium
251 3808 385 3859 Estherem
401 3807 538 3867 suffecerit,
555 3807 602 3856 hoc
619 3819 677 3856 eum
695 3805 784 3856 Xerxis
801 3806 826 3854 in
845 3805 965 3857 Graeciam
978 3807 1138 3868 expeditione
1152 3806 1287 3870 redituque

165 3898 219 3952 post
244 3891 339 3941 cladem
359 3890 467 3954 perbelle
483 3889 622 3952 congruit:
646 3888 686 3937 bic
710 3888 778 3937 enim
802 3887 893 3950 quinto
913 3888 1013 3950 imperii
1031 3889 1071 3938 sui
1091 3901 1156 3938 anno
1174 3889 1243 3939 Susis
1260 3890 1287 3940 in

112 3968 114 3975 ‘
165 3971 258 4021 beilum
273 3969 408 4034 proiectus.
422 3970 512 4020 eodem
530 3975 639 4019 exeunte
657 3969 686 4018 ad
704 3968 852 4019 Salaminam
867 3968 991 4029 devictus,
1005 3969 1113 4029 septimo
1124 3971 1186 4019 Susa
1201 3982 1287 4020 rever-

34 4120 35 4123 ,
165 4067 207 4103 sus
216 4060 299 4105 tntum
308 4065 337 4102 se
347 4052 444 4103 libidini
455 4052 536 4112 dedit,
548 4064 599 4114 quo
609 4051 755 4113 probrosam
769 4058 845 4102 tanta
862 4051 939 4101 cladis
953 4049 1099 4099 memoriam
1116 4051 1285 4115 extingueret.

80 4136 84 4141 ’
165 4136 281 4186 Nonnulli
297 4136 398 4186 tandem
414 4135 523 4184 ministri
540 4135 573 4183 iis
591 4133 753 4196 cognomines
768 4133 886 4183 videntur
903 4133 947 4195 qui
964 4145 978 4182 a
994 4131 1103 4205 profanis
1122 4133 1287 4197 scriptoribus

165 4217 239 4268 Xerxi
257 4192 511 4284 tribuunturssvarias
524 4217 656 4266 doctorum
671 4216 703 4266 de
713 4215 822 4287 assuero
837 4214 993 4278 conjecturas
1002 4212 1052 4264 rid.
1066 4227 1106 4278 ap.
1121 4215 1214 4279 bupin,
1226 4218 1288 4267 Dir-

34 4308 35 4347 3
129 4362 132 4368 Ι
167 4304 255 4350 arrtot.
266 4298 370 4371 pretim.
383 4312 430 4349 sur
445 4299 471 4348 to
483 4296 554 4348 bibte.
573 4298 590 4348 Ι.
603 4297 623 4359 Ι,
634 4311 658 4348 e.
671 4296 712 4359 ΙΙΙ,
725 4295 775 4363 §9.
