3142 4964
268 327 310 391 54
494 324 694 387 larnooucrlo
710 344 858 386 saecutus
873 343 905 384 lu
925 332 953 385 s.'
969 343 1169 385 SGMPTURAM.

166 490 173 511 .
268 455 323 509 aut
340 443 476 530 propriis
501 440 678 507 commodis
701 439 816 505 studet.
843 441 957 504 Narrat
979 440 1111 526 quidem
1134 443 1290 506 miracula
1314 465 1334 507 a
1362 466 1398 509 se

268 557 393 633 patrata
411 571 418 608 ε
438 546 549 631 plagas
564 547 702 631 AEgypti,
724 565 813 607 mare
836 543 986 628 divisum,
1003 565 1122 629 aquam
1146 565 1164 607 e
1187 566 1267 631 rupe
1293 544 1409 611 educ-'

183 700 194 718 η,
268 659 358 731 tam,
390 669 461 733 quae
485 646 617 732 quidem
635 648 772 732 gloriam
798 646 858 730 ipsi
890 646 1005 710 afferre
1033 655 1107 710 nata
1127 656 1223 731 suut,
1247 657 1279 711 at
1301 649 1399 713 simul

268 750 389 814 indicat
405 770 437 819 se
454 751 579 813 nonnisi
603 751 660 813 Dei
678 750 925 813 instrumentum
948 749 1057 832 fuisse,
1076 758 1106 812 et
1131 750 1268 834 ingenue
1286 762 1397 816 narrat

215 904 218 909 ,
269 851 431 939 quomodo
445 849 541 916 in'his
554 851 718 937 patrandis
734 874 753 915 a
767 851 830 915 fide
842 853 909 919 Deo
922 850 1029 916 debita
1047 873 1291 939 nonnumquam
1304 854 1397 920 defe-
1448 878 1452 889 ¹

269 956 358 1038 ecrit,
377 966 408 1019 et
431 956 474 1020 ab
490 958 634 1041 ingressu
649 958 684 1020 in
702 967 819 1021 terram
837 957 1027 1041 promissam
1043 958 1190 1021 exclusus
1206 934 1322 1055 fueri}
1330 960 1398 1024 Nec
1439 953 1444 968 ’
1496 978 1500 984 ’

269 1059 404 1143 gloriam
425 1059 562 1122 nominis
577 1069 632 1123 aut
647 1059 842 1145 antiquitatis
860 1057 918 1122 sibi
926 1067 988 1122 aut
1004 1078 1067 1122 sua
1083 1061 1168 1143 genti
1186 1081 1205 1123 a
1219 1060 1397 1145 majoribus

268 1160 432 1239 uindicare
457 1160 573 1244 studet,
594 1171 630 1225 ut
646 1162 768 1226 faciunt
784 1163 926 1247 gentium
946 1162 1098 1243 historici.
1118 1162 1271 1227 Econtra
1288 1173 1397 1228 narrat
1463 1237 1474 1242 ,
1518 1214 1528 1230 ,

268 1264 421 1329 llebraeos
438 1262 545 1329 adhue
557 1264 764 1350 paucissimos
777 1273 808 1328 et
823 1263 966 1350 abjectos
987 1264 1083 1327 fuisse
1098 1284 1199 1349 quum
1212 1263 1282 1349 jam
1299 1266 1396 1330 llore-
1508 1292 1515 1297 ·

269 1377 340 1431 rent
351 1377 461 1453 gentes
475 1368 585 1456 vicina
603 1369 836 1454 AEgyptiorum,
851 1366 1073 1433 Chaldaeorum
1086 1376 1117 1431 et
1128 1368 1395 1437 Chananaeorum.

268 1469 384 1533 Narrat
399 1469 516 1534 delicta
532 1471 643 1556 populi
656 1481 687 1534 et
699 1471 907 1553 familiarum,
923 1471 1021 1534 refert
1034 1479 1258 1535 testamentum
1269 1471 1394 1554 Jacobi,
1476 1471 1482 1477 ’

269 1592 369 1657 equo
395 1571 605 1656 opprobrium
629 1570 832 1636 redundabat
857 1575 889 1636 in
914 1571 1034 1636 tribum
1054 1570 1141 1656 Levi,
1162 1594 1180 1636 a
1200 1594 1264 1658 qua
1289 1582 1396 1638 tamen

270 1672 423 1738 oriundus
439 1675 506 1760 ipse
529 1686 608 1740 erat.
620 1669 708 1738 'Tam
732 1676 845 1761 procul
868 1685 975 1739 autem
993 1674 1035 1738 ab
1052 1675 1249 1761 exquirendo
1265 1676 1395 1761 proprio

270 1777 440 1841 commodo
457 1778 559 1863 abest,
576 1788 622 1862 ut,
636 1779 708 1848 liliis
726 1780 789 1843 suis
806 1780 839 1842 iu
856 1780 1025 1843 levitarum
1042 1777 1136 1864 plebe
1149 1780 1277 1862 relictis,
1292 1779 1411 1844 haro-³
1468 1828 1471 1832 ι

270 1901 344 1943 nem
361 1878 560 1945 sacerdotem
573 1890 604 1944 et
616 1881 712 1944 Josue
727 1903 766 1943 ex
782 1880 868 1944 tribu
880 1882 1046 1967 Ephraim,
1061 1880 1178 1945 ducem
1191 1883 1300 1967 populi
1314 1903 1396 1945 con·
1425 1936 1428 1941 ⁴
1540 1956 1543 1965 ,

269 1983 414 2047 stituerit.
436 1983 566 2074 Ubique,
582 1993 649 2046 tum
667 1985 699 2047 in
716 1985 780 2048 uita
794 1985 903 2069 ipsius.
918 1994 986 2071 tum
1009 1985 1042 2047 in
1066 1986 1213 2049 sermone
1228 1982 1396 2049 exhibetur
1511 1993 1534 2010 ‘⁴

181 2122 185 2131 ·
270 2087 381 2171 optimi
398 2087 454 2150 viri
467 2086 597 2172 effigieS,
618 2088 751 2151 eximius
769 2108 897 2151 morum
913 2085 1046 2170 candor,
1064 2087 1186 2154 fraudis
1198 2110 1237 2152 ac
1252 2087 1396 2152 falsitatis

269 2188 374 2251 nescia
391 2186 526 2270 indoles,
545 2189 672 2273 egregia
687 2190 720 2252 iu
745 2190 847 2253 Deum
871 2189 984 2274 pietas,
1008 2187 1148 2253 studium
1172 2190 1293 2253 virtutis
1314 2210 1396 2253 con·
1501 2197 1504 2214 ¹

268 2299 365 2379 stans,
388 2290 421 2354 in
438 2289 606 2354 narrandis
629 2291 693 2354 suis
714 2301 744 2355 et
763 2312 894 2355 suorum
909 2291 1071 2355 erroribus
1088 2289 1279 2356 admiranda
1301 2293 1395 2376 inge·
1477 2291 1482 2303 ’

269 2394 397 2475 nuitas,
426 2392 459 2455 in
492 2391 632 2457 ferendis
662 2395 777 2479 ingrati
804 2395 913 2480 populi
943 2394 1244 2459 contradictionibus
1269 2414 1396 2457 summa

52 2446 205 2619 4050&
269 2496 420 2581 patientia
438 2505 469 2558 et
487 2467 776 2602 charitas.[lth›yses
794 2519 961 2666 nunqu&
970 2497 1059 2665 {piis
1080 2497 1247 2562 bominum
1263 2495 1409 2583 blandi-7

171 2626 176 2651 ³
955 2623 976 2686 r

172 2652 179 2677 ,
269 2607 332 2680 tur,
362 2620 528 2684 nunquam
557 2602 667 2686 populi
699 2601 844 2666 favorem
871 2624 913 2666 au

105 2720 151 2805 ⁸„
196 2702 256 2801 μ’
269 2701 355 2786 leges
385 2703 521 2787 imponit
546 2703 728 2768 hominibus
750 2703 839 2768 durae
863 2676 1016 2788 eervlcis,
1038 2703 1139 2788 iisque
1159 2703 1393 2786 rebellionem,
1512 2706 1525 2799 Τ

53 2810 116 2905 „d”
149 2757 415 2925 ,dg-crimina,
434 2807 642 2892 impietatem,
658 2810 772 2894 saepius
785 2818 815 2872 et
829 2807 908 2871 dure
928 2807 1123 2892 exprobrat3
1144 2807 1248 2870 nullos
1263 2803 1395 2869 adhibet
1453 2870 1457 2877 ,
1496 2852 1500 2864 .

51 2896 54 2901 ⁴
83 2894 152 3007 ppt*
178 2912 234 3015 pil,
269 2919 362 2973 testes
375 2907 416 2973 ad
430 2907 577 2974 fraudem
591 2920 802 2995 comparatos,
818 2909 873 2975 sed
886 2894 1039 2996 prdvocat
1050 2908 1092 2974 ad
1107 2908 1204 2974 fidem
1217 2909 1394 2994 publicam,

144 2980 182 3039 ’Ψ
270 3010 313 3075 ad
328 3012 465 3097 universi
486 3013 597 3098 populi
616 2999 935 3108 testimoniuusslmo
953 3022 984 3077 et
1003 3014 1099 3098 stylus
1123 3014 1191 3097 ipse
1210 3011 1345 3096 simplex
1365 3020 1398 3074 et

270 3123 398 3198 apertus
413 3112 639 3200 modestiaeque
655 3117 779 3199 plenus,
797 3115 870 3179 satis
889 3113 1025 3179 ostendit
1041 3125 1206 3179 auctorem
1222 3110 1396 3178 candidum

270 3226 302 3279 et
313 3238 461 3281 veracem
474 3239 668 3304 omnemque
681 3219 809 3303 expellit
827 3217 949 3282 fraudis
961 3219 1183 3302 suspicionem.
1199 3216 1246 3278 Ex
1258 3214 1306 3278 bis
1323 3215 1397 3277 satis
1488 3250 1490 3255 ·

270 3327 357 3402 patet
374 3320 501 3404 Moysen
517 3319 665 3405 decipere
682 3322 832 3385 noluisse.

73 3414 132 3537 wi
146 3391 225 3535 5⁴7,
314 3420 367 3482 61.
376 3396 558 3535 [Praeterea
593 3422 677 3488 laeta
710 3425 741 3487 in
770 3424 985 3488 Pentateucho
1019 3421 1176 3507 descripta
1201 3423 1244 3485 ita
1267 3420 1396 3506 publica

271 3530 418 3602 sunt,1ta
438 3523 522 3586 iuter
541 3545 573 3587 se
591 3525 701 3588 intime
726 3547 882 3607 connexa,
901 3528 944 3589 ita
962 3546 1036 3590 cum
1056 3525 1119 3588 vita
1140 3531 1172 3595 et
1189 3523 1261 3586 fatis
1286 3522 1396 3606 populi

271 3625 435 3690 Israelitici
459 3628 673 3709 cohaerentia,
701 3638 735 3691 ut
760 3631 855 3714 Moysi
886 3629 1081 3714 impossibile
1114 3628 1210 3691 fuerit
1232 3625 1393 3711 decipere,

271 3730 394 3792 etiamsi
406 3714 703 3801 voluisset.sbtenim
717 3731 825 3823 quoad
838 3734 1001 3797 historiam
1014 3731 1188 3825 limet&
1198 3751 1270 3793 eam
1284 3749 1395 3793 omnes

271 3832 420 3897 Israelita
434 3855 473 3896 ex
485 3815 653 3897 traditione
667 3844 698 3898 et
712 3824 781 3898 aliis
797 3836 1010 3899 monumentis
1028 3845 1093 3920 tam
1105 3832 1188 3896 bene
1201 3853 1299 3918 quam
1312 3833 1397 3914 Moy·
1495 3874 1496 3879 κ

271 3954 320 3996 ses
337 3936 582 4019 cognoscebant,
601 3946 631 4000 et
649 3958 761 4003 eorum
782 3939 932 4003 intererat
944 3937 1012 4023 ejus
1028 3944 1212 4001 accuratam
1233 3935 1395 3997 notionem

270 4028 584 4134 servarfflsiquidem
603 4040 635 4102 iu
650 4040 765 4128 illa,in
790 4031 1050 4125 promissionibus
1069 4038 1188 4102 scilicet
1204 4035 1396 4100 Patriarchis

270 4138 374 4220 factis,
395 4141 498 4202 omnis
519 4162 629 4203 eorum
651 4162 721 4225 spes
741 4143 955 4226 reponebatur
970 4152 1000 4205 et
1019 4142 1099 4204 ratio
1116 4137 1311 4202 reddebatur
1329 4137 1396 4200 cir-

104 4233 193 4353 J,
271 4242 472 4306 cumcisiouis
498 4243 547 4306 cui
575 4240 855 4328 adstringebantur
870 4242 990 4343 {ffilffld
1013 4264 1089 4306 vero
1119 4243 1229 4307 attinet
1257 4241 1395 4307 aliorum

38 4390 42 4403 .
85 4330 117 4345 ’“”
200 4328 207 4347 ’
270 4332 426 4408 librorum
450 4323 761 4469 historiamQQus
784 4336 1184 4447 AEgpptlacas„trunsitum
1206 4343 1315 4427 maris,
1335 4341 1394 4406 da-

1010 2623 1076 2683 ur;
1110 2599 1166 2665 sed
1195 2601 1396 2686 gravissimas
1517 2581 1547 2607 ²
