3134 4934
268 293 332 358 568
500 302 701 358 rs‘ruouuorro
718 314 866 358 susumus
883 314 917 355 ur
930 314 957 357 s.
975 313 1176 359 scurranum.

269 415 384 477 stolam
407 412 450 477 ad
468 412 626 478 'Hebraeos
648 414 708 478 sub
728 414 857 477 nomine
876 412 966 477 Pauli
987 412 1132 498 Apostoli
1152 415 1205 479 vel
1228 415 1399 500 Scriptura

268 537 367 581 saerae
389 538 447 601 pro
465 518 703 601 opportunitate
725 517 878 601 allegant,
903 524 938 579 ut
961 514 1002 579 de
1022 516 1154 602 reliquis
1174 517 1321 602 Epistolis
1345 518 1399 581 ia-

269 621 366 703 ciunt.
397 621 484 682 luter
507 641 562 684 cos
591 617 779 684 nominandi
807 627 881 682 sunt
906 640 913 681 ι
938 618 970 681 S.
1000 618 1188 704 Dionysius,
1212 620 1245 683 S.
1273 621 1397 702 Petrus,

268 723 300 787 S.
327 721 522 806 Alexander,
548 724 580 786 S.
607 722 810 803 Athanasius,
835 722 868 785 S.
892 721 1061 805 Antonius,
1085 723 1118 786 S.
1145 722 1315 805 Macarius,
1330 724 1400 787 Di·

268 824 393 910 dymus,
420 827 512 890 Philo
536 826 724 911 carpasius,
749 826 783 891 S.
810 825 964 908 Asterius,
988 824 1022 888 S.
1047 824 1214 908 Orsicsius,
1240 827 1273 891 S.
1299 826 1399 890 Sera-

268 929 333 1013 pio,
354 929 386 992 S.
407 929 505 993 isaias
522 930 711 1011 monachus,
732 928 786 993 alii
804 928 852 1013 (l)
1294 925 1299 936 '

311 1031 343 1094 8.
362 1028 453 1095 ldem
468 1033 608 1096 sentiunt
625 1031 766 1096 ecclesiae
783 1031 1015 1095 Palaestinensis
1031 1031 1213 1116 scriptores.
1231 1030 1397 1116 Origenes,

268 1137 324 1222 qui
336 1137 453 1220 partim
469 1133 670 1199 Alexandriae
689 1135 806 1220 partim
822 1133 971 1198 Caesareae
987 1133 1108 1213 docuit,
1125 1143 1212 1198 tenet
1227 1134 1276 1220 (2)
1296 1159 1311 1194 a
1331 1143 1399 1220 sty-

268 1239 335 1303 lum
349 1238 498 1323 Epistolae
521 1238 561 1301 ud
577 1237 719 1302 Hebraeos
742 1258 854 1301 carere
870 1237 925 1301 illa
943 1237 1099 1302 sermonis
1122 1238 1308 1320 rusticitate,
1327 1258 1399 1323 quae
1489 1244 1495 1254 ⁴

268 1341 398 1426 propria
416 1350 463 1404 est
484 1339 640 1425 Apostoli,
663 1341 782 1425 quippe
801 1341 857 1424 qui
875 1339 990 1402 rudem
1012 1348 1108 1425 atque
1126 1340 1311 1425 imperitum
1331 1359 1400 1403 sese

225 1494 233 1502 .
268 1443 437 1508 confitetur
465 1444 498 1508 in
529 1464 689 1526 sermone,
714 1441 748 1506 id
779 1452 845 1523 est,
869 1442 904 1505 iu
926 1442 1034 1507 forma'
1054 1450 1086 1506 et
1107 1443 1232 1506 ratione
1255 1441 1395 1506 dicendi.
1442 1505 1445 1509 ,

267 1547 388 1613 Verum
411 1547 551 1632 Epistola
581 1546 636 1610 illa
661 1555 692 1609 et
720 1547 753 1609 iu
781 1545 955 1609 verborum
980 1546 1210 1630 compositione
1239 1544 1398 1630 majorem

266 1649 396 1734 praefert
417 1651 510 1734 preci
537 1649 692 1713 sermonis
718 1649 922 1733 elegantiam,
942 1657 976 1711 ut
1008 1647 1159 1712 fatebitur
1188 1647 1332 1733 quisquis
1355 1645 1397 1711 dc

266 1753 336 1838 styli
366 1751 545 1816 differentia
566 1754 666 1837 perite
683 1749 828 1838 judicare
847 1759 962 1835 potest.
991 1752 1031 1814 Et
1048 1758 1202 1836 praterea
1227 1750 1397 1814 sententias

267 1855 407 1919 eontinet
421 1853 639 1937 admirabiles,
663 1875 723 1918 nee
740 1854 863 1939 seriptis
883 1853 1064 1938 apostolicis
1081 1854 1241 1917 ullatenus
1260 1852 1396 1916 inforio-

261 1941 329 2022 'rea
350 1957 455 2043 Atque
472 1955 504 2020 id
529 1958 728 2021 verissimum
753 1978 821 2021 esse
844 1958 1066 2040 assentientur,
1087 1958 1284 2043 quicumque
1303 1957 1396 2041 Apo·

266 2060 421 2125 stolorum
435 2061 551 2146 scripta
564 2069 681 2125 attente
693 2061 898 2146 perlegerint.
919 2085 934 2120 a
950 2060 1063 2124 Paucis
1074 2057 1192 2123 deinde
1204 2057 1396 2144 interpositis

265 2165 337 2228 haec
357 2162 521 2250 subjungit
549 2187 557 2227 t
586 2189 600 2223 «
627 2165 694 2249 Ego
718 2185 808 2246 reru,
833 2163 956 2249 inquit,
981 2164 1025 2227 ita
1049 2183 1163 2228 censeo
1192 2185 1200 2225 ε
1225 2161 1396 2226 sententias

265 2266 396 2352 quidem
409 2269 493 2354 ipsas
509 2268 654 2353 Apostoli
667 2289 735 2332 esse
751 2290 759 2330 ι
779 2265 952 2331 dictionem
964 2275 1073 2331 autem
1085 2275 1117 2330 et
1132 2264 1396 2350 compositionem

266 2369 441 2434 verborum
464 2391 533 2435 esse
548 2371 680 2435 alterius
703 2368 883 2456 cujusdam,
904 2371 959 2455 qui
983 2368 1069 2434 dicta
1087 2369 1232 2455 Apostoli
1249 2364 1397 2433 comme·

266 2492 416 2556 morare,
442 2482 473 2537 et
497 2474 587 2559 quasi
610 2474 642 2537 in
667 2474 914 2537 commentarios
937 2471 1083 2556 redigere
1106 2472 1244 2536 volucrit
1266 2493 1304 2535 ea
1324 2462 1417 2556 quoe'

264 2595 283 2638 a
307 2575 459 2658 magistro
477 2574 633 2640 audierat.
660 2575 800 2639 Proinde
823 2576 848 2638 si
871 2596 936 2661 qua
960 2576 1094 2640 ecclesia
1113 2576 1198 2639 banc
1221 2575 1396 2660 Epistulam

263 2699 323 2761 pro
341 2677 475 2741 Paulina
504 2678 613 2761 babet,
637 2700 674 2742 eo
702 2681 832 2743 nominc
853 2676 1012 2742 laudetur.
1033 2679 1145 2763 Neque
1170 2678 1256 2741 euim
1274 2687 1395 2742 temere

264 2779 403 2866 majores
427 2803 500 2846 eam
522 2783 614 2847 Pauli
637 2804 705 2847 esse
725 2781 937 2847 tradiderunt.
956 2783 1034 2863 Quis
1049 2791 1157 2845 autem
1173 2765 1286 2845 reuera
1303 2782 1394 2845 illam

264 2884 447 2969 scripserit,
478 2886 536 2950 soli
561 2887 628 2975 Deo
654 2895 764 2951 notum
787 2887 912 2972 opinor.
943 2883 1007 2949 Sed
1029 2885 1223 2969 scriptores,
1255 2884 1396 2969 quorum

263 2997 470 3052 monumenta
497 2987 538 3051 ad
557 3009 614 3052 nos
637 3009 738 3074 usque
755 2996 982 3073 pervenerunt,
1000 2987 1116 3072 partim
1137 2986 1305 3068 Clementi,
1322 2987 1395 3049 Ro-

262 3107 366 3150 manae
384 3087 471 3152 urbis
487 3089 649 3174 episeopo,
664 3110 737 3154 eam
750 3088 948 3171 adscribunt,
962 3090 1078 3173 partim
1094 3089 1199 3170 Luca,
1213 3087 1268 3173 qui
1284 3088 1395 3150 Evau-

262 3189 381 3272 gelium
405 3199 436 3251 et
458 3189 557 3254 Actus
573 3189 801 3274 Apostolorum
819 3188 967 3254 edidit.»
988 3191 1025 3253 ln
1041 3188 1182 3275 Epistola
1197 3190 1237 3250 od
1252 3188 1355 3274 Afric.
1373 3187 1393 3250 9

262 3288 361 3354 refert
380 3289 533 3376 Origenes
552 3291 710 3378 quosdam
723 3293 877 3379 rejecisse
893 3292 1067 3378 Epistulam
1082 3291 1123 3355 nd
1137 3290 1279 3354 Hebraeos
1296 3311 1356 3354 ceu
1372 3311 1392 3354 a

260 3394 362 3460 Paulo
378 3417 442 3459 uon
457 3397 620 3482 scriptam,
635 3396 690 3461 sed
704 3399 771 3483 ipse
783 3399 816 3460 in
828 3397 925 3460 variis
937 3397 1000 3460 suis
1013 3395 1137 3479 scriptis
1152 3414 1223 3457 eam
1239 3395 1392 3458 continuo

261 3499 343 3561 inter
360 3497 540 3582 Scripturas
552 3501 678 3584 reponit
690 3500 856 3586 Pauloque
871 3498 1025 3565 adscribit
1039 3497 1099 3585 (5).

292 3683 329 3743 tt)
343 3683 369 3733 S.
388 3683 529 3747 Dionysius,
547 3684 629 3749 Epist.
649 3686 684 3735 ad
700 3685 764 3737 Fut.
779 3685 805 3747 23
820 3687 846 3737 S.
860 3686 961 3747 Petrus,
979 3686 1045 3739 Con.
1056 3690 1148 3755 penit.
1165 3690 1191 3753 9;
1204 3691 1230 3741 S.
1252 3690 1393 3742 ttexander

261 3765 360 3816 Patrai.
378 3779 419 3829 qr.
433 3765 519 3826 XVlll,
530 3766 588 3826 558,
599 3767 659 3824 5755
672 3767 698 3817 S.
712 3768 872 3828 Athanasius,
884 3768 967 3832 Epist.
981 3770 1040 3834 sest.
1056 3771 1098 3833 59;
1114 3771 1142 3822 S.
1157 3771 1278 3822 Macarius
1290 3771 1391 3821 aaaron

257 3861 299 3911 qr.
324 3847 431 3907 xxxiv,
459 3847 518 3910 aaa,
540 3846 608 3910 602,
626 3856 651 3899 et
673 3851 787 3912 passim;
815 3849 954 3913 Didymis,
973 3850 1074 3902 Patrot.
1097 3866 1139 3917 qr.
1163 3851 1281 3914 XXXIX,
1300 3854 1350 3903 518
1367 3843 1396 3903 et

256 3930 370 3992 saepius3
386 3931 413 3980 S.
433 3929 569 3992 Antonius,
587 3930 660 3981 Plrito
682 3931 825 3995 carpasius,
844 3933 870 3982 S.
886 3931 1011 3993 Asterius,
1029 3934 1056 3984 S.
1075 3933 1213 3998 orsiesius,
1231 3935 1258 3986 S.
1277 3934 1394 3998 Serapio,

256 4015 284 4064 S.
304 4012 386 4064 isaias.
402 4013 504 4064 Patrai.
521 4026 562 4079 qr.
576 4014 628 4073 xt,
643 4013 684 4075 nt,
704 4014 746 4076 (tii,
764 4014 807 4075 si,
825 4014 883 4075 239,
901 4017 963 4077 ati,
977 4017 1036 4078 885,
1053 4017 1112 4081 etti,
1132 4017 1204 4081 1⁰25,
1224 4017 1298 4081 tuto,
1316 4018 1395 4080 rtur,

257 4096 330 4145 1177.
343 4095 548 4158 Cyritt.,Patrot.
561 4109 602 4161 qr.
617 4095 722 4158 lxxiv,
735 4097 794 4148 990.
1037 4118 1040 4122 ’

287 4177 323 4241 (ir
337 4178 384 4241 Ap.
398 4177 490 4230 Euseb.
505 4176 572 4228 afar.
586 4178 657 4230 Erct.
673 4179 713 4240 vt,
728 4178 770 4229 25.
1292 4228 1297 4233 .

287 4258 568 4325 (Stdirdieprineip.
587 4259 1392 4334 111111,1;11,5;111,1;111).11,111,11;111,1,7;1111,5;
1420 4294 1431 4301 -

257 4342 300 4392 tib.
316 4341 357 4403 111,
372 4341 392 4402 1,
406 4340 432 4402 9,
447 4340 487 4405 123
501 4343 544 4393 tib.
557 4342 598 4404 lV,
609 4341 630 4408 l,
643 4345 684 4407 133
703 4345 802 4397 Contra
814 4345 881 4398 Cala.
896 4344 939 4408 lll,
955 4345 997 4405 su
1006 4344 1043 4425 ,1,
1054 4345 1080 4408 ⁴3
1097 4344 1139 4407 vt,
1151 4344 1194 4406 203
1209 4343 1263 4405 vlt,
1276 4342 1318 4405 293
1337 4351 1391 4402 etc.
