3168 4948
275 328 351 369 rans
363 327 398 368 11.
412 322 505 365 carur
517 323 563 365 ιιι.
581 322 619 363 ne
635 320 1033 367 ourernusraucrourr.1v.
1051 322 1180 367 svaros.
1229 303 1296 366 279
1348 290 1352 305 ’

164 428 329 512 irrepsisse
342 423 402 512 (l),
421 419 509 508 quod
528 421 617 485 libris
631 422 728 485 sacris
741 442 912 485 commune
928 430 974 485 est
990 443 1063 486 cum
1080 424 1191 486 ceteris
1203 422 1292 486 libris

165 528 322 615 profanis.
332 528 419 591 Sicut
432 534 539 588 autem
551 525 606 586 illa
618 521 736 586 menda
749 544 814 587 non
828 531 943 587 nocent
955 524 1126 609 integritati
1135 524 1291 589 librorum

166 632 391 717 profanorum,
412 628 457 691 sic
480 649 539 691 nee
561 648 676 690 nocere
697 624 814 689 debent
838 626 1006 711 integritati
1032 628 1289 712 Evangeliorum.

166 736 291 799 Pariter
313 731 510 797 admittimus
534 728 602 792 fieri
620 748 711 813 posse
734 738 769 792 ut
788 728 859 792 libri
878 750 952 813 pars
970 730 1079 814 aliqua
1097 728 1293 815 deperdatur

168 849 202 902 et
219 839 263 902 sic
278 845 381 900 textus
396 855 461 897 non
480 832 617 916 amplius
635 833 673 895 sit
690 833 812 915 integer
825 832 902 917 quin
922 841 1030 896 tamen
1050 835 1147 917 partis
1162 843 1292 898 servatae

166 941 339 1006 auctoritas
372 937 545 1001 minuatur.
572 935 623 998 Sic
652 935 872 998 auctoritatem
905 934 1001 998 bodie
1034 935 1177 1000 obtinent
1199 939 1292 1021 plura

168 1043 300 1105 Patrum
326 1049 356 1103 et
382 1047 550 1103 auctorum
569 1035 778 1120 profanorum
794 1037 921 1121 scripta,
941 1059 1078 1123 quorum
1095 1061 1168 1123 pars
1186 1041 1293 1124 aliqua
1346 1028 1349 1033 ’

169 1142 286 1229 injuria
298 1152 480 1226 temporum
495 1140 601 1223 periit.
619 1140 762 1224 Denique
775 1139 1011 1214 observandum
1024 1151 1070 1205 est
1082 1145 1294 1208 necessarium

170 1267 235 1310 non
253 1266 332 1326 esse,
350 1243 406 1307 ubi
424 1244 530 1327 plures
547 1251 718 1326 suppetunt
732 1241 872 1328 ¹alicujus
888 1243 961 1307 libri
979 1243 1116 1327 codices,
1135 1255 1170 1308 ut
1185 1241 1295 1308 omues

170 1348 217 1411 illi
233 1344 358 1411 codices
372 1344 498 1408 librum
522 1344 681 1426 integrum
700 1344 892 1407 contineant.
911 1344 943 1407 Si
962 1365 1033 1430 quae
1050 1346 1127 1410 lolia
1147 1367 1226 1410 ‘casu
1241 1356 1297 1409 aut

168 1453 233 1514 alia
248 1449 288 1514 de
304 1470 399 1514 causa
413 1447 454 1511 ab
465 1468 529 1510 uuo
542 1448 593 1511 vel
605 1449 706 1511 altero
719 1446 829 1511 codice
840 1446 1026 1530 exciderint,
1041 1450 1103 1513 hoc
1125 1449 1294 1533 integritati

170 1553 244 1616 libri
267 1573 383 1616 nocere
407 1571 472 1613 non
495 1548 601 1613 debet.
626 1549 683 1613 His
702 1551 821 1634 positis,
843 1552 1011 1614 asserimus
1033 1560 1139 1614 nostra
1157 1561 1295 1636 quatuor

170 1656 343 1740 Evangelia
359 1656 481 1739 integra
497 1651 539 1717 ad
554 1674 611 1715 nos
628 1654 819 1737 pervenisse.

216 1759 246 1822 2.
276 1758 401 1822 Etenim
429 1757 539 1841 negari
563 1756 674 1840 nequit
695 1754 941 1840 Evangeliorum
966 1764 1087 1818 textum
1110 1757 1206 1819 talem
1222 1754 1292 1839 jam

170 1860 322 1923 exstitisse
343 1860 458 1923 saeculo
475 1859 530 1936 IV,
551 1858 653 1943 qualis
675 1880 759 1922 nnnc
778 1857 926 1921 babetur.
945 1858 1026 1921 llam
1043 1858 1173 1943 plurimi
1189 1857 1295 1921 adhue

171 1960 268 2025 hodie
282 1971 447 2025 servantur
469 1959 594 2025 codices
607 1961 825 2045 manuscripti,
847 1962 963 2024 saeculo
982 1960 1026 2026 IV
1042 1971 1072 2024 et
1089 1960 1294 2046 sequentibus

76 2075 78 2079 “
171 2066 305 2146 exarati,
320 2065 352 2127 iu
365 2064 481 2150 quibus
494 2062 579 2126 idem
594 2084 722 2149 prorsus
734 2064 891 2147 reperitur
903 2072 1004 2126 textus
1017 2084 1113 2148 quem
1126 2061 1169 2126 ad
1181 2083 1295 2125 manus

172 2167 341 2231 habemus.
359 2169 392 2232 Si
410 2168 480 2253 quis
498 2166 628 2252 objiciat
643 2168 828 2230 innumeras
846 2167 980 2250 reperiri
1003 2168 1036 2229 in
1060 2165 1295 2251 exemplaribus

172 2273 419 2357 Evangeliorum
440 2274 589 2337 lectiones
613 2271 728 2353 varias,
755 2268 901 2355 adeoque
919 2279 1039 2333 textum
1064 2267 1179 2333 exinde
1195 2267 1296 2332 videri

171 2384 372 2459 corruptum,
402 2375 564 2459 responsio
587 2375 620 2436 in
645 2381 795 2457 promptu
818 2381 875 2437 est.
902 2372 1005 2437 Variae
1029 2373 1094 2436 istae
1115 2373 1292 2452 lectiones,

132 2470 135 2474 ⁴
172 2477 389 2561 quamtumvis
413 2490 601 2557 numerose,
619 2495 684 2538 non
700 2474 828 2537 obstant
844 2474 1015 2559 quominus
1029 2472 1101 2537 libri
1120 2472 1295 2556 evangelici

171 2578 233 2642 sibi
246 2577 353 2663 quoad
366 2577 572 2642 substantiam
589 2585 774 2641 consonent.
790 2577 934 2643 Varietas
946 2577 978 2639 in
991 2575 1097 2640 verbis
1109 2585 1166 2658 est,
1185 2596 1250 2637 non
1262 2574 1295 2635 in

171 2676 279 2742 rebus.
304 2677 371 2742 Viri
403 2674 519 2741 eruditi
549 2685 704 2762 quotquot
738 2676 878 2760 reperire
906 2684 1077 2760 potueruut
1100 2674 1292 2759 exemplaria

171 2781 353 2865 Scripturoe,
367 2781 527 2844 versiones
539 2789 570 2842 et
583 2779 746 2844 citationes
757 2779 901 2863 Petrum,
914 2800 1024 2845 seeum
1037 2780 1174 2844 invicem
1187 2788 1297 2843 contu-

171 2885 289 2967 lerunt,
308 2903 483 2968 omnesque
496 2882 592 2946 etiam
608 2880 833 2946 minutissimas
846 2891 878 2945 et
889 2902 1004 2947 vocum
1015 2891 1049 2945 et
1061 2882 1296 2967 orthographiae

170 2993 204 3048 et
221 2970 431 3069 dispositionis
446 2984 612 3048 nominum
628 2980 856 3067 discrepantias
872 2992 1075 3047 annotarunt.
1098 2983 1174 3047 Haec
1189 2991 1295 3046 autem

172 3087 340 3150 innumera
367 3087 540 3151 lectionum
563 3084 726 3149 variarum
749 3083 936 3169 multitudo,
968 3084 1088 3150 nedum
1117 3086 1296 3171 Evangeliis

172 3198 297 3271 noceat,
315 3211 333 3253 e
352 3197 462 3253 eontra
478 3207 592 3252 eorum
608 3188 822 3272 integritatem
846 3187 1085 3252 substantialem
1104 3188 1294 3269 confirmat3

170 3289 288 3377 probat
310 3290 396 3353 enim
418 3309 572 3374 maguum
589 3309 658 3355 esse
679 3288 910 3372 exemplarium
927 3309 1108 3353 numerum.
1127 3291 1166 3353 Et
1183 3310 1296 3355 revera

169 3390 214 3482 ad
230 3412 288 3455 nos
301 3402 517 3476 pervenerunt
528 3390 741 3477 quadraginta
753 3388 878 3455 codices
891 3393 1033 3456 unciales
1048 3393 1294 3476 Evangeliorum

169 3504 203 3558 et
226 3492 352 3558 eodiees
368 3495 537 3559 minusculi
561 3496 732 3580 plusquam
752 3495 896 3574 tercenti,
914 3495 1035 3558 omissis
1051 3495 1248 3560 versionibus
1264 3505 1294 3559 et

169 3599 303 3662 Petrum
319 3596 431 3660 citatis.
451 3597 606 3661 Maximus
626 3605 733 3659 autem
751 3596 809 3658 iste
827 3593 975 3660 codicum
993 3617 1156 3680 numerus,
1174 3595 1294 3660 nedum

169 3700 269 3763 textui
284 3708 409 3783 noceat,
426 3699 542 3783 probat
554 3719 653 3785 quam
668 3697 863 3782 impossibile
878 3698 975 3762 fucrit
988 3708 1024 3761 ut
1039 3708 1086 3762 tot
1100 3700 1295 3783 exemplaria

168 3802 420 3883 substantialiter
431 3803 629 3866 vitiarentur.
650 3802 735 3864 Luce
749 3820 825 3885 ergo
840 3801 956 3865 clarius
971 3811 1018 3865 est
1032 3802 1204 3887 Evangelia
1221 3799 1296 3863 inde

168 3927 190 3969 a
217 3904 333 3969 seculo
358 3903 401 3970 tv
421 3904 545 3968 nullam
568 3903 806 3988 corruptionem
832 3924 924 3988 passa
944 3903 1051 3967 luisse.
1074 3904 1174 3966 Porro
1192 3922 1296 3987 neque

168 4016 247 4072 ante
262 4007 413 4070 saeculum
432 4006 474 4072 lV
491 4006 671 4070 adulterata
688 4005 831 4088 fuerunt,
849 4006 936 4092 quod
960 4015 1056 4072 restat
1079 4004 1294 4090 probandum.
1402 4014 1404 4019 '

205 4251 242 4314 (l)
260 4251 297 4302 lte
313 4251 411 4315 ortglue
431 4252 570 4303 lectionum
595 4251 720 4302 variarum
746 4252 772 4301 in
795 4257 868 4301 textu
891 4252 947 4301 novi
970 4252 1125 4302 Testamenti
1150 4253 1248 4316 egimus
1271 4253 1297 4303 in

167 4333 319 4386 Introduct.
331 4346 388 4400 pen.
401 4346 456 4397 rap.
470 4332 512 4396 lv,
525 4337 592 4395 sect.
602 4331 628 4385 2.
643 4347 669 4384 a.
683 4335 724 4395 71,
737 4346 793 4398 sqq.
