3134 4934
244 309 309 372 592
476 328 678 370 mraooucno
693 328 840 371 saucians
856 331 889 371 m
906 331 932 373 s.
953 329 1154 373 scurrruuan.

246 424 401 511 cujusque
418 425 511 510 sigilli
527 434 702 488 reseratum
717 426 881 511 (IV-Vll).
906 428 940 490 V
937 430 993 492 isio
1009 431 1109 491 tertia.
1131 427 1251 513 Aperte
1272 430 1375 514 sigillo

245 529 392 611 septimo,
417 527 452 591 fit
476 528 636 590 silentium
652 529 685 590 in
709 528 789 591 coelo
814 538 844 591 ct
862 528 1020 613 prodeunt
1041 541 1163 615 septem
1179 532 1374 615 angelicum

246 632 340 696 tubis.
359 633 508 716 Depingit
526 640 633 695 aulem
657 632 828 716 Apostolus
845 653 916 717 quae
933 631 1015 696 fiunt
1034 632 1076 697 ad
1100 635 1286 719 clangorem
1306 635 1376 697 sin-

246 737 328 819 gulae
341 735 424 798 tube
438 735 618 820 (Vnt-tx).
641 736 674 798 V
672 737 727 797 isio
745 747 865 818 prrarta.
883 736 970 799 Tunc
986 737 1019 798 in
1035 737 1116 801 coelo
1132 738 1285 821 aspicitur
1302 758 1376 800 mu·

245 839 316 920 lior,
339 840 454 901 amicta
474 839 552 919 solo,
571 847 601 900 et
625 837 702 899 luna
728 836 789 899 sub
813 835 948 920 pedibus
972 837 1041 923 ejus
1065 841 1151 902 etin
1179 841 1284 924 eapite
1307 840 1376 925 ejus

241 962 365 1005 corona
378 940 543 1003 stellarum
556 937 740 1016 duodecim,
750 950 860 1003 cotnra
875 962 972 1026 quam
985 940 1119 1027 ejusque
1133 964 1242 1007 semen
1254 952 1377 1028 pugnat

244 1043 356 1107 draco.
383 1043 550 1128 Apparcnt
572 1043 658 1106 illico
678 1064 742 1105 una
768 1042 869 1106 bestia
891 1065 910 1107 c
932 1046 1015 1108 mari
1038 1044 1226 1130 ascendens,
1252 1046 1377 1110 babens

244 1148 349 1231 capita
379 1156 501 1230 septem
524 1144 641 1230 quihus
664 1145 794 1213 nomina
815 1144 1024 1230 blasphemiae
1051 1149 1202 1234 inscripta
1228 1159 1322 1213 erant
1345 1157 1378 1211 ct

245 1271 365 1314 cornua
378 1247 504 1330 decem,
520 1257 551 1312 et
567 1269 663 1332 super
676 1269 797 1312 cornua
811 1246 879 1333 ejus
892 1247 1005 1313 decem
1018 1248 1199 1315 diademata
1204 1275 1213 1334 ;
1228 1261 1259 1314 et
1275 1252 1378 1315 altera

244 1352 345 1416 bestia
360 1350 536 1433 ascendens
550 1349 592 1414 dc
604 1359 701 1433 terra,
715 1371 787 1435 quas
801 1349 866 1414 duo
879 1344 1021 1416 habebat
1036 1375 1157 1417 cornua
1174 1354 1289 1417 similia
1303 1356 1377 1438 agni

245 1464 277 1518 et
300 1454 493 1540 loquebatur
514 1463 550 1516 ut
576 1451 687 1516 draco.
715 1453 838 1515 Interea
872 1473 973 1537 agnus
1008 1455 1041 1518 in
1077 1463 1187 1518 monte
1216 1454 1294 1517 Sion
1318 1463 1379 1516 stat

245 1557 367 1620 cinctus
384 1555 738 1619 multitudine-suorum
759 1554 974 1620 inenarrabile
991 1557 1149 1621 canticum
1166 1557 1376 1621 cantantium.

246 1659 388 1744 Angelus
397 1661 508 1723 volans
517 1679 575 1744 per
588 1656 730 1721 medium
745 1659 861 1721 coelum
875 1660 1195 1744 portatEvangelium
1208 1668 1375 1722 aeternum.

246 1763 336 1826 Alius
349 1763 481 1847 angelus
494 1762 660 1826 annuntiat
672 1762 797 1845 lapsum
813 1760 983 1846 Babylonis
999 1781 1124 1846 maguae
1139 1769 1174 1825 et'
1184 1761 1292 1824 tertius
1306 1780 1378 1844 poe-

248 1886 305 1928 nas
330 1867 489 1928 cultomm
513 1864 632 1928 bestiae.
656 1864 693 1926 In
716 1858 856 1927 nubibus
875 1874 1009 1948 apparet
1025 1864 1122 1927 Filius
1145 1865 1285 1928 bominis
1303 1882 1379 1927 curn

247 1969 343 2051 falce,
358 1990 421 2054 qua
436 1967 477 2032 ad
491 1988 604 2033 vocem
618 1967 723 2050 angeli
734 1966 824 2029 metit
835 1966 1188 2052 terram(XII-XIV).V
1187 1969 1243 2030 isio
1256 1968 1376 2050 quinta.

245 2071 353 2136 Cernit
377 2071 517 2135 loannes
548 2079 670 2155 septem
700 2069 842 2153 Angelos
866 2078 1009 2133 tenentes
1033 2078 1155 2153 septem
1167 2069 1300 2154 phialas
1324 2068 1379 2130 irae

246 2176 444 2259 Deiplenas,
464 2175 594 2260 quasin
618 2182 737 2236 terram
762 2171 941 2236 effundunt.
960 2174 1043 2236 Ecce
1066 2173 1182 2235 mulier
1205 2171 1379 2236 fornicaria

246 2279 311 2342 sive
328 2276 485 2363 Babylon,
506 2277 601 2342 variis
617 2275 728 2340 induta
746 2277 954 2357 ornamentis,
968 2287 1000 2339 et
1014 2276 1103 2340 ebria
1117 2276 1273 2360 sanguine
1285 2295 1379 2338 mar-

246 2389 352 2465 tyrum
368 2381 456 2463 lesu,
484 2377 573 2443 sedet
599 2399 696 2462 super
722 2377 856 2465 bestiam
880 2376 1054 2441 habentem
1075 2379 1179 2462 capita
1202 2387 1325 2461 septem
1347 2385 1379 2438 et

246 2504 367 2546 cornua
384 2480 510 2546 decem.
525 2482 638 2544 Mulier
655 2480 764 2544 civitas
777 2489 833 2544 est.
851 2481 981 2565 Septem
996 2482 1100 2566 capita
1114 2490 1236 2566 septem
1253 2488 1378 2543 montes

245 2594 319 2647 sunt
337 2606 431 2668 super
448 2605 528 2668 quos
544 2584 661 2646 mulier
680 2582 781 2663 sodet,
801 2593 832 2653 ol
853 2594 975 2668 septem
996 2604 1098 2668 reges.
1119 2585 1236 2647 Ilcccm
1256 2603 1378 2647 cornua

245 2685 359 2750 decem
384 2707 475 2770 reges
495 2695 578 2748 sunt.
605 2683 801 2748 Describitur
821 2688 915 2749 ruina
934 2685 1118 2771 Babylonis.
1141 2687 1248 2749 Sancti
1273 2686 1377 2748 Deum

244 2789 425 2875 glorificant
446 2787 630 2873 (XV-XIX,
656 2788 725 2857 tot
747 2789 778 2849 V
779 2791 833 2851 isio
853 2801 948 2852 sexta.
974 2788 1117 2873 Apparet
1139 2809 1213 2852 cum
1234 2789 1378 2852 exercitu

151 2956 154 2963 ,
192 2970 197 2981 ,Ἰ
244 2912 363 2977 magno
380 2890 524 2956 Verbum
547 2891 604 2953 Dei
627 2912 710 2975 equo
730 2888 881 2972 insidenS,
900 2892 954 2975 qui
975 2889 1114 2954 devincit
1131 2889 1266 2954 bestiam
1282 2889 1378 2954 eamss

244 3016 308 3080 quc
324 3014 397 3057 cuni
410 3014 467 3055 suo
484 2990 764 3076 pseudopropheta
777 2990 905 3076 projicit
916 2993 948 3054 in
964 3000 1113 3076 stagnum
1127 2991 1207 3076 ignis
1220 2989 1374 3054 ardentis.

244 3098 386 3182 Angelus
402 3096 534 3180 ligatum
556 3093 730 3158 draconem
749 3116 804 3156 sen
817 3093 984 3157 diabolum
1007 3094 1103 3157 mittit
1117 3094 1150 3157 in
1168 3093 1317 3178 abyssum
1334 3092 1378 3157 ad

244 3200 332 3262 mille
355 3219 468 3281 auitos,
495 3189 611 3282 quibus
634 3197 748 3260 animae
771 3206 947 3282 martyrum
970 3196 1151 3282 regnabunt
1172 3196 1205 3259 in
1228 3217 1378 3260 resurre-

243 3302 348 3365 etione
364 3303 466 3386 prima
490 3322 562 3365 curn
587 3300 723 3365 Christo.
743 3299 969 3364 Consummato
987 3301 1049 3364 boc
1073 3309 1230 3385 tempore,
1248 3309 1377 3364 satanas

243 3404 364 3467 solutus
384 3403 425 3466 de
441 3424 570 3466 carcere
593 3402 700 3466 denuo
717 3411 835 3487 surget,
854 3401 984 3466 seducet
999 3411 1109 3487 gentes
1129 3412 1160 3465 ct
1176 3402 1378 3487 oppugnabit

243 3506 403 3570 civitatem
427 3515 569 3568 sanctam
589 3504 644 3568 sed
669 3503 867 3568 devincetur.
894 3506 982 3568 Tunc
1005 3506 1122 3568 mortui
1141 3503 1378 3591 judicabuntur

172 3613 173 3616 ’
242 3606 420 3673 secundum
453 3628 552 3692 opera
575 3629 633 3670 sua
667 3606 858 3690 (xlx-xx).
893 3609 979 3671 Vitio
1008 3609 1147 3691 septima.
1177 3606 1376 3671 Describitur

138 3714 141 3721 '
219 3739 222 3744 ·
241 3711 421 3774 Jerusalem
440 3710 585 3775 coelcstis.
612 3708 779 3774 Clauditur
797 3709 1002 3795 Apocalypsis
1025 3711 1164 3796 epilogo,
1183 3732 1248 3796 quo
1265 3732 1376 3796 poenas

148 3809 151 3817 ¹
242 3813 386 3878 decernit
410 3813 521 3877 beatus
535 3814 676 3878 Joannes
693 3815 726 3876 in
746 3835 800 3877 eos
819 3815 873 3898 qui
892 3815 960 3878 ausi
978 3814 1096 3877 fuerint
1114 3813 1239 3900 aliquid
1255 3816 1375 3879 immu-

242 3927 310 3980 tare
323 3918 354 3979 in
371 3916 476 3980 verbis
491 3917 580 3979 istius
598 3917 772 4001 prophetiae
788 3916 997 4001 (xx-xxn).

286 4019 318 4082 5.
345 4016 569 4103 Apocalypseoo
585 4020 805 4103 interpretatio.
834 4018 941 4098 Quum
969 4018 1177 4104 Apocalypsis
1199 4018 1376 4083 visionibus

242 4130 365 4186 constet
389 4130 420 4183 et
442 4120 539 4183 rebus
563 4120 767 4206 symbolicis,
798 4121 875 4184 hinc
898 4142 1016 4206 magna
1040 4123 1181 4186 exoritur
1204 4114 1375 4186 difficultas

242 4225 407 4308 interpreti
429 4225 580 4287 scrutanti
610 4245 766 4310 quasnam
791 4245 841 4287 res
875 4224 999 4289 futuras
1022 4223 1132 4308 figuris
1154 4225 1216 4288 illis
1239 4224 1375 4309 Spiritus

241 4334 371 4389 sanctus
394 4324 619 4410 designaverit.
638 4326 819 4411 Ambigitnr
837 4327 1012 4411 praesertim
1029 4325 1107 4414 quid
1125 4325 1304 4413 significent
1319 4347 1374 4392 se·
