3134 4934
295 364 371 409 nans
386 367 421 411 ιι.
436 366 570 412 escort.
587 369 624 409 on
636 369 868 420 oonrnonosenr
881 371 906 415 s.
924 370 1012 413 nsum
1027 373 1187 420 nnrsronrs.
1245 359 1309 423 557
1387 382 1394 420 2

177 460 277 547 gebat
299 463 446 528 Messiam
469 465 661 550 promissum
685 488 752 530 esse
774 467 884 532 Jesum
917 490 937 532 a
959 471 1093 535 mortuis
1114 472 1306 540 redivivum.

178 563 320 647 Quidam
345 588 383 630 ex
405 565 524 631 Judais
545 567 775 652 'crediderunt3
807 591 847 632 ex
871 552 1035 656 proselytis
1058 593 1133 637 vero
1159 585 1190 638 et
1212 578 1309 640 etiam

178 668 351 752 gentilibus
362 634 533 735 multilndo
545 684 662 756 magna
675 681 707 735 et
719 693 783 736 non
793 694 904 757 pauca
912 675 1063 738 mulieres
1075 676 1198 742 nobiles
1211 677 1309 744 fidem

179 772 337 856 amplexa
360 783 434 835 sunt
456 739 532 860 (1ss
543 774 625 838 llota
652 783 708 837 est·
721 795 798 839 vero
822 796 839 838 a
863 774 982 840 ludaris
1003 776 1175 844 incredulis
1197 780 1309 846 seditio

179 871 335 938 adversus
348 874 494 959 Paulum,
509 878 565 961 qui
577 885 705 941 coaetus
718 886 765 941 est
776 875 852 942 inde
867 879 931 941 alio
944 900 977 942 se
996 882 1181 948 transferre.
1202 884 1309 965 Quum

180 997 279 1060 porro
303 973 435 1041 Athenis
458 976 589 1061 degeret
612 979 742 1063 Paulus,
765 980 850 1043 misit
871 979 914 1043 ad
936 981 1231 1049 Thessalonicenses
1254 987 1310 1048 Ti-

180 1068 359 1163 motheum,
368 1082 431 1173 ‘qui
447 1102 503 1145 eos
518 1080 710 1145 confirmare
725 1091 757 1145 et
770 1082 927 1146 consolari
940 1083 1080 1149 debebat
1092 1108 1132 1150 ne
1145 1107 1312 1152 moreren-

181 1191 231 1246 tur
254 1183 287 1245 in
311 1182 580 1248 tribulationibus.
606 1185 808 1267 Timotheus,
831 1195 1000 1271 postquam
1017 1187 1311 1254 Thessalonicenses

180 1286 346 1369 visitasset,
366 1285 407 1350 ad
424 1287 562 1350 Paulum
577 1284 672 1350 rediit
688 1307 762 1351 cum
783 1287 934 1352 Corintho
951 1287 1082 1374 degeret
1093 1272 1188 1376 cique
1202 1292 1309 1356 eccle-

180 1389 234 1451 siae
246 1390 333 1453 istius
348 1391 470 1453 statum'
479 1390 624 1475 exposuit
636 1360 709 1482 (AB

225 1492 643 1576 2.Eptratae1·scrttessae
658 1484 781 1570 occasio,
799 1508 915 1581 tempus
933 1508 960 1559 et
978 1488 1071 1561 locus.
1090 1497 1199 1578 Quum
1215 1498 1310 1583 igitur

181 1594 397 1680 Apostolusa
426 1596 593 1659 Timotheo
627 1594 789 1662 didicisset
824 1608 979 1684 quantam
1015 1600 1311 1664 Thessalonicenses

181 1697 338 1762 haberent
351 1697 461 1791 fidqm,
480 1708 512 1787 et
528 1707 683 1784 quantum
697 1697 916 1764 desiderarent
930 1690 1196 1786 ipsumPaulum,
1212 1724 1311 1788 quem

180 1799 276 1865 valde
299 1800 488 1886 diligebant,
514 1822 624 1864 rursus
647 1799 768 1886 videre,
787 1811 817 1865 ct
832 1823 932 1887 quum
950 1801 1080 1866 aliunde
1100 1802 1310 1888 impediretur

94 1976 95 1980 ,
180 1904 352 1990 Apostolus
367 1926 407 1968 ne
419 1902 460 1967 ad
474 1925 528 1968 eos
535 1902 628 1988 juxta
642 1925 735 1967 suum
748 1902 942 1968 desiderium
956 1925 989 1968 se
1002 1904 1174 1979 conferret,
1190 1925 1309 1989 cogno-

179 2028 271 2074 scens
295 2028 349 2071 eos
372 2005 515 2090 indigere
541 2006 645 2092 aliqua
676 2007 894 2071 exhortatione
919 2016 950 2070 et
973 2008 1160 2090 monitione,
1186 2008 1309 2091 scripsit

180 2115 320 2200 primam
332 2131 424 2174 suam
435 2110 610 2194 Epistolam
624 2109 666 2173 ad
682 2110 988 2176 Thessalonicenses.
1002 2110 1125 2195 Scripta
1141 2110 1237 2194 igitur
1250 2110 1310 2172 luit
1396 2160 1397 2165 ,

180 2215 343 2297 Corintho,
353 2210 637 2277 durantesecundo
648 2212 739 2301 Pauli
753 2213 865 2276 itinere
878 2212 1064 2297 apostolico,
1083 2214 1168 2276 eirca
1187 2233 1308 2275 annum
1416 2239 1419 2244 ·

180 2317 298 2383 sats.
315 2316 350 2378 ln
362 2313 647 2398 subscriptionibus
658 2312 806 2377 codicum
818 2332 996 2398 gracorum
1008 2314 1124 2399 scripta
1139 2312 1254 2377 dicitur
1267 2312 1310 2376 ab

181 2418 326 2503 Athenis,
351 2415 408 2489 sed
428 2438 529 2503 quum
551 2439 590 2482 ex
613 2418 753 2503 Epistola
776 2427 897 2482 constet
919 2419 1070 2503 scriptam
1105 2416 1202 2482 fuisse
1239 2423 1309 2501 post

180 2521 363 2612 adventum!
377 2520 550 2605 Timothei,
575 2530 607 2584 et
630 2541 730 2607 quum
754 2521 938 2585 Timotheus
960 2518 1003 2583 ad
1026 2520 1162 2584 Paulum
1187 2520 1309 2583 venerit

181 2635 350 2711 postquam
374 2625 546 2710 reliquerat
565 2624 719 2705 Athenas,
742 2623 957 2699 standumest
975 2645 1034 2709 pro
1054 2622 1216 2688 Corintho.
1243 2625 1309 2687 lla-

181 2729 267 2793 tione
282 2749 358 2812 crgo
371 2729 522 2812 temporis
535 2728 639 2812 prima
652 2736 698 2791 est
710 2727 792 2790 inter
803 2727 959 2811 Epistolas
970 2727 1131 2791 Paulines.
1197 2734 1201 2742 '

225 2832 258 2895 ὅ.
282 2832 514 2916 Argumentum.
538 2830 612 2893 Post
630 2831 852 2894 salutationem
869 2830 998 2894 nomine
1015 2851 1084 2913 suo,
1100 2831 1263 2896 Timothei
1282 2839 1312 2893 et

60 3010 72 3017 „
181 2935 303 2999 Silvani
315 2933 492 3018 gratulatur
503 2932 675 3018 Apostolus
685 2931 1017 2997 Thessalonicensibus
1029 2931 1070 2997 de
1082 2931 1186 2996 studio
1199 2952 1312 2997 eornm

184 3038 218 3100 in
234 3033 421 3119 accipienda
435 3044 466 3097 et
480 3031 686 3119 propaganda
709 3032 772 3098 fide
790 3033 844 3120 (1).
864 3034 925 3098 Eos
944 3033 1105 3098 collaudat
1126 3032 1214 3120 qnod
1233 3035 1314 3096 inter

185 3137 376 3202 domesticas
396 3137 631 3222 persecutiones
648 3137 679 3199 in
696 3147 827 3222 accepta
849 3136 911 3199 fide
927 3136 1037 3201 fideles
1053 3136 1312 3221 permansissent,

1 3303 2 3306 ,
108 3323 113 3328 ,
185 3250 218 3304 et
237 3240 366 3304 interim
389 3258 453 3302 suae
475 3260 618 3324 personae
643 3237 956 3304 commendationem
978 3238 1145 3321 admiscet,
1172 3249 1206 3302 ut
1226 3287 1234 3322 ,
1253 3234 1313 3323 'qui

187 3363 253 3406 non
269 3343 373 3405 solum
392 3362 472 3426 pure
489 3351 520 3406 et
538 3343 660 3406 sincere
676 3334 835 3407 Christum
855 3343 930 3428 ipsis
952 3344 1179 3425 annuntiasset,
1202 3361 1315 3404 verum

84 3443 89 3449 ’
188 3447 285 3510 etiam
298 3464 339 3508 ne
351 3466 406 3509 eos
421 3455 582 3530 gravaret,
597 3467 616 3508 a
633 3455 761 3530 sumptu
774 3443 961 3530 accipiendo
980 3444 1181 3509 abstinuisset
1199 3467 1207 3506 ι
1222 3444 1316 3507 simul
1535 3502 1541 3513 ,

187 3557 296 3613 autem
317 3568 409 3612 suum
426 3550 458 3612 in
480 3571 534 3613 eos
549 3568 707 3631 amorem,
725 3570 862 3635 suasque
876 3570 934 3634 pro
949 3549 1011 3612 illis
1025 3547 1067 3612 ad
1082 3549 1185 3611 Deum
1207 3567 1317 3630 preces
1411 3546 1524 3694 UA

189 3632 579 3755 aperit,(Il-lll·).ffieinde
596 3674 650 3715 cos
670 3651 816 3716 hortatur
832 3648 874 3714 ad
894 3652 1043 3714 virtutem
1064 3657 1257 3733 revocatque
1276 3629 1345 3710 sol
1378 3627 1403 3689 ὦ
1520 3653 1527 3681 ²

134 3757 136 3761 '
191 3752 403 3817 immoderata
419 3755 555 3837 tristitia,
574 3776 640 3853 qpa
653 3763 795 3818 mortuos
816 3753 969 3851 113th
994 3753 1085 3839 quasi
1109 3750 1164 3835 qui
1187 3749 1318 3811 omnino

191 3854 352 3940 periisent,
377 3863 408 3918 et
431 3856 604 3920 certissima
628 3827 958 3940 spe'Tesir'frectionis,
996 3852 1086 3937 cnjus
1124 3857 1155 3912 et
1186 3845 1345 3971 modurn,

105 3973 114 3978 ”
192 3952 354 4039 describit,
378 3956 712 4050 consolatQIV-V).
1445 3988 1494 4051 ss

188 4056 189 4059 '
237 4061 268 4123 4.
289 4060 434 4146 Epistolas
451 4061 800 4134 mariamnensis,
822 4071 937 4144 teorpus
961 4068 988 4120 et
1009 4020 1206 4147 loccisssnm
1230 4048 1323 4114 divus
1378 4066 1465 4119 τιτι,

1479 4028 1530 4049 ,,,,

1464 4070 1480 4087 μ
1509 4054 1523 4065 „

227 4309 262 4370 (ι)
273 4307 331 4359 Ace.
346 4307 420 4370 nvn,
440 4309 463 4369 ι,
480 4308 504 4357 a.

228 4390 334 4454 (aas.
346 4387 431 4451 nnn,
448 4389 472 4450 53
485 4388 498 4441 1
510 4388 620 4441 suessan.
636 4388 679 4452 ιιι,
691 4387 717 4439 a.
