3142 4964
276 317 317 385 18
491 340 691 382 tarnooucrlo
714 340 861 383 srtctaus
883 340 916 381 IN
939 341 964 384 S.
990 328 1191 386 SCRIPTUM-M.

276 441 435 505 rhaeormn
453 448 484 502 et
499 440 562 503 alia
581 439 614 503 in
630 438 846 503 Pentateucho
861 440 961 504 relata
979 440 1039 525 (Ι).
1053 441 1173 526 Verbo,
1194 465 1304 508 omnes
1319 446 1406 510 Pro-

275 544 379 627 phetae
406 542 556 637 continuo
583 543 740 626 populum
767 551 921 606 revocant
949 541 991 605 ad
1019 542 1273 611 observationem
1299 549 1403 633 Legis.

275 645 393 709 Nullihi
409 654 517 708 autem
534 643 690 708 sermo-lit
705 642 745 708 dc
762 646 846 728 Lege
861 643 985 708 diversa
1004 645 1047 710 ab
1063 667 1102 710 ea
1118 668 1216 732 quam
1233 645 1405 715 in'Penta-

275 749 390 813 teucho
405 747 571 812 hahemus.
589 748 659 812 Hoc
674 748 873 811 manifestius
885 747 992 812 adhuc
1007 750 1162 814 evincitur
1179 774 1218 815 ex
1233 753 1323 818 lihris
1337 756 1405 819 lle-

275 873 365 937 gum,
383 862 467 916 etex
484 853 619 916 Psalmis
634 853 786 937 temporis
798 850 953 916 Davidici.
972 853 1023 917 Sic
1038 856 1091 917 IV
1101 856 1173 940 Ray.
1190 857 1276 940 XIV,
1292 858 1311 921 6
1326 881 1405 922 uar-

274 965 364 1019 ratur
387 955 475 1041 quod
497 956 642 1020 Amasias
671 977 734 1020 non
762 953 879 1020 occidit
900 955 980 1020 lilios
1005 977 1117 1021 eorum
1142 960 1197 1043 qui
1221 958 1407 1024 occiderant

276 1057 344 1144 ejus
368 1068 493 1143 patrem
504 1061 596 1142 justa
623 1059 703 1143 paud
726 1060 871 1142 scriptam
887 1069 930 1120 est
946 1061 978 1119 ia
1005 1058 1081 1122 libra
1104 1063 1193 1144 Legis
1217 1065 1324 1148 Moysi.
1342 1065 1405 1127 Diu

275 1171 349 1226 ante
367 1162 541 1243 Amasiam,
564 1160 665 1225 David
683 1161 888 1225 Salomonem
905 1159 1006 1224 lilium
1028 1183 1121 1226 suum
1144 1163 1185 1227 ad
1204 1165 1405 1230 observatio-

276 1286 351 1328 nem
364 1285 476 1328 eorum
493 1285 565 1349 quae
582 1265 614 1327 in
630 1263 847 1326 Pentateucho
862 1263 1046 1327 referuntur
1062 1265 1208 1330 hortatur
1224 1268 1311 1332 hisce
1327 1291 1405 1332 rer-

276 1367 350 1432 his:
370 1366 503 1433 Observa
518 1367 667 1430 custodias
683 1367 812 1429 Doarim'
830 1366 889 1428 Dei
911 1370 966 1439 toi,
986 1378 1020 1429 at
1038 1367 1172 1432 amlrales
1195 1372 1227 1432 ie
1251 1373 1308 1436 aiis
1326 1373 1403 1456 ejus,

277 1483 311 1534 at
337 1472 486 1535 custodias
512 1471 704 1532 ceremonias
733 1470 822 1552 ejas,
848 1480 876 1531 et
896 1481 1045 1554 precepta
1076 1472 1142 1553 ejas
1164 1484 1190 1535 et
1209 1474 1351 1556 judicia,
1376 1486 1406 1538 et

277 1576 457 1648 testimonia,
474 1575 551 1636 sicat
574 1575 720 1655 scriptam
746 1582 789 1634 est
813 1574 844 1630 ia
867 1573 944 1654 Lepe
965 1574 1064 1657 Mopsi
1078 1572 1138 1656 (Ι).
1157 1574 1227 1636 Non
1246 1585 1405 1639 memorat

276 1674 379 1739 David
397 1676 503 1739 nescio
522 1694 593 1760 quae
609 1675 725 1758 scripta
743 1673 915 1737 Elohistica
933 1683 964 1736 et
980 1673 1184 1759 Jehovistica,
1203 1698 1274 1762 quae
1290 1677 1404 1741 nullibi

277 1779 468 1863 allegantur,
487 1777 570 1841 hene
587 1798 664 1840 vero
681 1778 798 1861 Legem
814 1777 910 1862 Moysi
926 1778 1088 1861 scriptam,
1113 1781 1230 1864 Legem
1247 1803 1405 1846 caeremo-

277 1883 358 1963 nias,
376 1891 547 1966 praeccpta,
561 1877 683 1965 judicia
701 1888 732 1942 et
748 1880 927 1946 testimonia
951 1880 1228 1964 complectentem,
1251 1905 1322 1969 quae
1339 1885 1404 1947 Lex

278 1983 403 2049 diversa
418 2006 486 2049 esse
503 1984 613 2069 aequit
627 2005 645 2047 a
659 1991 766 2046 nostro
782 1982 1012 2046 Pentateucho.
1030 1982 1102 2047 Alia
1117 2005 1156 2047 ex
1173 1985 1262 2063 libris
1277 1988 1404 2071 Regum

183 2091 196 2168 J
277 2097 308 2151 et
324 2088 593 2172 Paralipomenon
610 2082 775 2149 recitanda
799 2094 903 2148 essent
926 2086 1117 2169 testimonia,
1143 2088 1168 2150 si
1190 2088 1253 2153 hoc
1276 2110 1403 2153 necesse

277 2191 360 2254 foret
376 2190 434 2275 (5).
449 2191 486 2253 ln
502 2190 636 2253 Psalmis
656 2188 860 2252 celebrantur
878 2187 1046 2271 beneficia,
1064 2189 1161 2271 facta,
1180 2192 1404 2274 promissiones

208 2362 211 2368 ,
278 2303 308 2356 et
327 2294 414 2377 leges
427 2313 499 2376 quae
511 2294 543 2354 in
559 2290 685 2373 Genesi,
701 2289 823 2372 Exodo,
836 2291 987 2372 levitico,
1003 2291 1149 2354 Numeris
1167 2300 1198 2355 et
1211 2293 1405 2359 Deuterono

276 2396 343 2457 mio
357 2395 541 2457 referuntur
553 2393 612 2478 (ΙΙ.
628 2393 699 2456 Uno
714 2391 826 2471 verbo,
841 2393 988 2455 universa
1002 2393 1111 2476 populi
1128 2394 1289 2483 israelitici
1303 2396 1404 2460 histo--

277 2499 337 2578 ria,
348 2498 463 2561 >omma
479 2518 590 2561 eorum
607 2496 735 2580 scripta,
754 2495 1005 2559 Pentateuchum
1018 2504 1191 2559 exstantem
1208 2506 1239 2560 et
1252 2519 1271 2560 a
1286 2498 1304 2561 J
1307 2497 1404 2565 udaeis

279 2600 441 2683 cognitum
461 2608 655 2683 supponunt.

322 2705 375 2767 28.
393 2703 518 2766 Etenim
528 2701 600 2788 jam
623 2712 696 2766 ante
717 2700 846 2765 Davidis
873 2710 1018 2785 tempora
1039 2700 1169 2764 historia
1187 2702 1403 2768 Israelitarum

278 2806 338 2871 suh
350 2804 516 2870 Judicihus
532 2805 573 2870 ad
589 2807 841 2870 Pentateuchum
858 2814 1011 2890 provocat
1025 2825 1163 2890 eumque
1178 2808 1326 2891 supponit
1342 2808 1401 2890 (hl.

277 2912 347 2974 Imo
364 2910 460 2996 paulo
480 2918 703 2994 postmortem
723 2910 820 2994 Moysi
840 2909 872 2971 in
897 2907 978 2971 lihro
997 2906 1105 2990 Josuc,
1127 2910 1182 2994 qui
1209 2930 1281 2973 cum
1299 2911 1406 2996 Moyse

278 3015 413 3096 vixerat,
431 3012 664 3076 Pentateuchus
685 3009 800 3075 diserte
817 3011 913 3095 Moysi
930 3011 1051 3073 auctori
1070 3009 1260 3076 vindicatur.
1281 3014 1405 3076 Etenim

279 3138 350 3201 cap.
374 3116 401 3197 I,
421 3116 495 3197 7-8‚
513 3116 598 3178 Deus
621 3115 666 3178 sic
684 3114 825 3199 loquitur
843 3110 884 3176 ad
909 3112 1005 3175 Josue
1025 3134 1033 3175 ε
1053 3111 1232 3199 Coasortore
1256 3117 1360 3198 ipitar,
1378 3127 1406 3177 et

279 3230 338 3282 esto
354 3217 492 3280 robustas
517 3216 602 3280 ualde
619 3242 629 3279 :
645 3229 679 3279 at
694 3217 854 3289 custodias,
872 3226 900 3277 et
917 3216 1148 3299 [artuscensem
1171 3218 1289 3299 Legem,
1314 3240 1406 3302 param

278 3323 421 3404 precepit
443 3319 498 3382 tihi
518 3323 634 3405 Moyses
657 3341 761 3383 serras
786 3340 910 3382 areas...
928 3319 998 3382 Nare
1018 3319 1135 3381 recedat
1158 3318 1294 3382 ealarrrerr
1318 3324 1406 3404 Lapis

279 3423 371 3506 hujus
398 3423 434 3484 alr
461 3445 511 3486 ore
536 3435 585 3487 tac
600 3448 610 3485 .·
629 3424 681 3487 sed
707 3422 898 3486 meditaberis
923 3425 954 3484 ia
977 3444 1010 3485 eo
1033 3422 1407 3497 circumsonasset

279 3524 475 3587 custodisset
497 3525 593 3608 soerias
615 3527 717 3588 amaria
740 3545 807 3608 aare
829 3524 942 3606 scripta
965 3534 1037 3585 suat
1052 3525 1085 3584 ia
1101 3546 1146 3587 eo.
1172 3526 1210 3586 Et
1228 3546 1299 3609 cap.
1317 3525 1413 3607 VHI,

280 3626 386 3690 50-55
402 3650 410 3690 τ
432 3629 513 3690 Tunc
531 3629 690 3712 aedificavit
701 3629 794 3690 Josae
809 3625 906 3689 altare
919 3627 1048 3689 Darniao
1062 3627 1125 3688 Deo
1145 3625 1243 3689 Israel
1254 3629 1287 3689 ia
1307 3640 1407 3690 monte

280 3729 399 3793 Hehal:
424 3733 501 3794 sicat
524 3741 705 3815 praeceperat
722 3732 839 3813 Moyses
861 3727 997 3812 samalus
1020 3729 1147 3792 Domini
1160 3728 1236 3813 filiis
1252 3729 1361 3803 Israel,
1379 3742 1408 3794 et

314 3946 351 4012 (Ι)
368 3950 448 3998 Amos
462 3948 492 4007 ΙΙ,
506 3948 532 4006 9,
549 3947 598 4002 10:
616 3946 656 4006 ΙΙΙ,
678 3949 716 3997 ΙΙ.

316 4030 348 4092 (9)
364 4031 405 4081 ΙΙΙ
415 4031 473 4096 lisy.
491 4029 520 4090 u,
534 4032 559 4080 5.

316 4115 351 4176 (ὅ)
365 4114 421 4164 vid.
439 4113 478 4164 ΙΙΙ
494 4114 551 4177 liep.
568 4113 629 4167 ΙΙΙΙΙ.
643 4115 684 4172 55,
696 4115 738 4175 56;
753 4115 765 4164 Ι
771 4115 793 4165 V
805 4114 861 4179 ltey.
878 4114 940 4175 ΙΙΙΙΙ,
959 4114 984 4175 63
999 4113 1116 4163 lParal.
1132 4114 1184 4171 XV,
1200 4114 1243 4176 153
1263 4113 1337 4174 ΙΙΙΙΙΙ,
1356 4115 1407 4176 153

282 4195 310 4245 ll
323 4195 413 4246 Perat.
430 4197 460 4253 V,
477 4195 645 4260 103v111,15;
660 4197 745 4255 ΧΙΙΙΙΙ,
763 4199 802 4256 18,
817 4204 866 4248 etc.

317 4278 352 4340 (Ι)
366 4277 428 4328 Vide
440 4277 581 4340 praesertim
595 4278 706 4328 Psalmos
717 4277 864 4337 LXXXVlll,
878 4277 984 4328 cll-CV.

315 4361 351 4423 (5)
365 4361 380 4410 Ι
389 4361 458 4426 Rea,
473 4353 525 4421 llll,
541 4359 566 4423 ὃς
577 4359 637 4410 liert.
653 4358 673 4420 Ι,
685 4359 726 4421 20;
739 4359 779 4420 ΙΙΙ,
795 4361 825 4424 4;
839 4360 880 4421 Vl,
895 4361 920 4424 83
931 4359 973 4420 xl,
985 4362 1010 4421 7,
1024 4362 1064 4421 Ιδ,
1079 4359 1162 4421 ΙΜΙ)
1179 4366 1230 4411 etc.
