3134 4934
328 344 405 388 utus
416 343 452 387 ΙΙ.
470 343 566 386 CAPUT
581 344 609 386 V.
628 343 666 386 llll
677 342 910 395 ousruonusum
923 342 949 386 8.
964 343 1053 386 ruunt
1067 343 1227 387 EPISTOUS.
1285 322 1349 388 559

213 440 398 506 Timotheus
416 440 582 506 doctorem
601 441 744 524 gentium
761 441 793 505 iu
811 440 961 505 omnibus
974 441 1042 505 fere
1058 440 1225 506 itineribus
1243 444 1348 507 comi-

212 552 296 608 tatus
311 555 369 628 est,
388 544 522 630 ejusque
540 545 670 607 nomine
686 546 791 608 varias
806 544 943 608 visitavit
954 525 1166 640 eeclesiuflut
1176 546 1349 609 Thessalo-

214 647 377 712 nicensem
395 646 457 734 (l),
479 647 718 732 Philippensem
736 647 785 733 (Ι)
807 657 840 711 et
861 648 1097 713 Corinthiacum
1119 649 1181 735 (ὅ).
1209 649 1349 734 Apparet

212 750 309 813 etiam
331 771 372 813 ex
395 748 555 836 Epistolis,
574 770 653 834 quus
677 750 796 812 Paulus
817 769 856 812 ex
879 750 984 834 prima
1007 751 1199 835 captivitate*
1212 772 1348 815 romana

212 853 349 937 scripsit,
367 853 570 916 Timotheum
582 853 683 915 Paulo
701 853 813 915 Romae
826 854 953 938 captivo
966 852 1107 918 adfuisse
1120 855 1180 939 (4).
1198 855 1347 937 Ecclesiae

213 954 381 1038 Ephesinoe
400 955 569 1039 episcopus
591 954 652 1018 luit
666 954 849 1018 Timotheus
866 954 925 1039 (h).
942 954 1039 1036 Quod
1062 978 1082 1020 a
1106 957 1207 1020 Paulo
1225 957 1347 1021 factum

214 1055 341 1120 videtur
356 1057 452 1141 paulo
468 1066 539 1141 post
550 1058 658 1141 priora
670 1055 814 1141 Apostoli
828 1056 958 1121 vincula
981 1078 1128 1122 romana.
1143 1058 1223 1121 Cum
1239 1065 1347 1123 autern

213 1159 301 1222 ferre
316 1179 381 1222 nou
397 1169 503 1244 posset
526 1159 730 1242 sacrificium,
750 1157 838 1244 quod
862 1159 918 1222 uni
937 1160 1004 1224 Deo
1028 1159 1177 1245 debetur,
1192 1160 1261 1224 fieri
1278 1148 1353 1224 dar-⁴

215 1282 348 1325 monum
363 1262 544 1325 simulacris
563 1262 718 1346 populum
734 1261 930 1345 Ephesinum
950 1261 1058 1325 Dianae
1073 1263 1106 1325 in
1122 1261 1193 1347 ejus
1210 1262 1347 1327 celebri-

215 1372 280 1426 tate
300 1364 534 1446 immolantem,
548 1362 592 1427 ab
608 1363 663 1426 illa
677 1363 839 1447 impietate
853 1382 1019 1427 remouere
1038 1376 1170 1429 conatus
1188 1363 1348 1449 lapidibus

214 1465 361 1549 obruurs,
387 1475 419 1530 et
438 1487 520 1551 pene
543 1474 688 1529 mortuus
707 1463 921 1528 uebristianis
942 1452 1072 1551 ereptus
1095 1476 1126 1529 et
1148 1468 1181 1529 iu
1205 1476 1348 1530 montem

216 1567 336 1654 oppido
353 1570 495 1633 vicinum
512 1567 638 1632 delatus
651 1566 849 1632 obdormivit
868 1569 901 1632 in
914 1570 1050 1633 Domino
1067 1570 1127 1655 (6).
1184 1648 1215 1658 ,-

261 1670 293 1734 5.
318 1672 435 1744 Lucus,
469 1681 636 1755 temperet
658 1672 885 1754 eurssuprioris
909 1670 950 1733 ed
976 1660 1250 1771 mellicensi-Ile
1276 1674 1347 1738 loco

144 1805 146 1809 ¹
217 1782 250 1837 et
266 1782 410 1857 tempore
426 1774 550 1858 scriptoe
573 1772 662 1836 istius
677 1771 825 1856 Epistola
841 1792 1048 1858 nequaquam
1067 1776 1262 1840 conveniunt
1284 1798 1348 1840 au-

218 1884 333 1958 ctores,
353 1895 413 1939 nee
428 1883 601 1960 suppetunt
621 1874 801 1938 testimonia
818 1875 885 1938 sive
908 1875 941 1939 in
964 1877 1208 2083 ipmffistola,
1233 1880 1348 1943 sivein

198 1977 401 2058 traditione,
421 1999 492 2063 quae
511 1978 600 2043 litem
616 1978 747 2042 omuino
764 1975 916 2041 dirimere
935 1979 1074 2042 valeant.
1095 1980 1348 2066 subscriptiones
1414 2058 1416 2062 ⁸
1492 1987 1497 1995 '

218 2078 315 2144 eodd.
334 2078 420 2143 AKL
433 2078 637 2162 Laodiceam,
652 2080 796 2164 Phrygiae
808 2080 1025 2163 metropolim,
1039 2080 1188 2166 synopsis
1203 2082 1348 2147 Athana·

217 2184 308 2248 siena
330 2192 361 2248 et
382 2182 599 2249 Theodoretus
622 2183 671 2270 (7)
694 2181 928 2266 Macedoniam,
947 2182 1074 2248 codices
1097 2185 1152 2249 alii
1169 2186 1348 2271 Nicopolim
1451 2166 1456 2178 „

217 2297 275 2352 aut
291 2286 445 2370 Athenas,
459 2285 638 2371 designant.
656 2286 769 2349 Plures
782 2283 867 2350 docti
882 2285 941 2349 viri
954 2276 1122 2350 autumant
1135 2287 1219 2351 haue
1230 2289 1350 2373 Episto-

218 2390 285 2452 lam
301 2389 514 2476 conscriptam
530 2389 626 2453 fuisse
647 2398 717 2474 post
739 2389 843 2473 prima
865 2388 957 2452 Pauli
979 2390 1106 2454 vincula
1125 2391 1210 2454 cirea
1228 2406 1349 2454 annum

218 2512 290 2556 aerae
307 2492 447 2576 vulgaris
463 2492 516 2555 64.
537 2492 658 2578 Scopus
677 2500 786 2554 autem
802 2489 945 2575 Apostoli
965 2492 999 2554 in
1018 2491 1252 2556 conscribenda
1270 2493 1348 2577 Epi-

219 2596 298 2658 stola
312 2595 408 2658 fuerit
419 2594 622 2659 Timotheum
635 2594 791 2657 instruere
804 2592 969 2679 quomodo
985 2614 1020 2658 se
1039 2614 1151 2678 gerere
1166 2592 1301 2659 deberet
1316 2596 1349 2658 in
1434 2601 1438 2613 “

218 2698 374 2782 regimine
387 2699 527 2762 eoeleste
543 2697 721 2783 Ephesium.

262 2800 294 2864 4.
315 2800 550 2885 Arpumeetum.
573 2801 738 2865 Praemissa
754 2802 955 2885 salutatione,
976 2811 1086 2866 monet
1106 2802 1278 2886 Apostolus
1294 2801 1350 2864 Ti-

218 2890 385 2966 motheum
397 2910 434 2964 ut
446 2901 505 2969 sibi
519 2923 538 2966 a
550 2901 858 2988 pseudodoctoribus
871 2912 994 2986 caveat,
1014 2912 1244 2988 strenuumque
1259 2903 1351 2966 mili-

218 3013 284 3068 tem
308 3013 380 3089 agat
396 3003 509 3068 infide
529 3005 637 3090 aitque
658 3027 690 3069 se
706 3006 1031 3070 excommunicavime
1056 3003 1276 3069 Alexandrum
1291 3005 1346 3091 (Ι).

219 3110 320 3174 Docet
339 3127 397 3193 pro
420 3107 569 3172 omnibus
593 3107 776 3173 hominibus
794 3107 953 3172 orandum
969 3129 1047 3192 esse,
1074 3107 1249 3192 praesertim
1273 3127 1349 3170 vero

221 3233 280 3296 pro
307 3210 504 3295 principibus
527 3232 547 3273 a
571 3209 686 3295 quibus
710 3208 829 3295 pendet
845 3210 1058 3296 tranquillitas
1077 3209 1231 3294 publicar
1255 3194 1350 3273 docet

220 3311 385 3398 quomodo
401 3313 505 3377 viriet
523 3313 672 3396 mulieres
688 3334 781 3377 orare
798 3312 936 3377 debeant
953 3313 1023 3398 (ΙΙ).
1041 3311 1150 3376 Tradit
1168 3313 1299 3398 quinam
1317 3312 1348 3375 in

219 3417 398 3501 episcopos,
425 3415 637 3501 presbyteroS,
661 3425 693 3479 et
715 3414 881 3499 diaconos,
906 3437 944 3479 ac
967 3436 1115 3500 quaenam
1144 3416 1294 3479 mulieres
1316 3416 1349 3478 in

221 3516 416 3582 diaconissas
429 3518 663 3604 eligi,quasque
676 3517 774 3581 animi
786 3517 877 3582 dotes
889 3518 960 3581 illos
969 3515 1101 3600 habere,
1109 3526 1253 3603 oporteat
1262 3518 1347 3603 (ΙΙΙ).

222 3620 370 3686 Praedicit
393 3620 482 3685 brevi
505 3622 641 3685 orituras
658 3621 794 3684 haereses
810 3642 882 3707 quae
898 3621 1024 3705 nuptias
1039 3630 1071 3684 et
1086 3617 1244 3705 quosdam
1261 3619 1350 3684 cibos

255 3866 290 3931 (Ι)
300 3868 315 3918 I
327 3867 438 3918 Thessal,
450 3865 492 3928 ΙΙΙ,
506 3856 545 3915 a·

213 3940 517 4015 ¹mimum·

258 4016 531 4096 (armanum.—
564 4092 571 4105 Χ

256 4117 291 4180 (Ι)
306 4115 405 4167 Culusa.
419 4114 438 4174 Ι,
455 4115 478 4177 Ις
494 4114 602 4164 Philam.
618 4112 638 4174 Ι,
651 4116 674 4176 Ι;
693 4112 787 4177 Philip.
801 4110 820 4174 l,
832 4114 861 4163 l:

256 4199 292 4260 (5)
304 4198 397 4247 Euseb.
411 4197 477 4246 Hist.
493 4197 563 4247 Eeel.
576 4196 617 4257 ΙΙΙ,
633 4198 677 4257 l.‚·
732 4201 740 4208 “
783 4205 789 4211 ·
830 4206 836 4213 “
952 4184 955 4189 ’

258 4281 294 4344 (6)
310 4280 476 4333 Brevioribus
487 4278 673 4345 Romanum]
690 4314 694 4319 .
715 4270 720 4277 '

256 4365 293 4428 (Ι)
312 4363 390 4428 Proes.
403 4363 432 4413 ia
447 4362 530 4428 Epist.
543 4362 578 4413 od
588 4361 675 4414 noun
