3132 4964
372 341 447 382 uass
462 341 485 382 r.
507 338 600 382 carur
613 340 680 382 run.
696 338 735 380 nr
747 339 786 380 ur
801 339 890 381 ursae
906 339 1025 381 runnu.
1219 319 1260 382 89
1275 308 1277 313 ⁵

122 463 182 526 per
198 438 413 504 Holofernem
433 436 618 523 subjugasse
640 438 914 522 Mesopotamiam,
932 424 1181 522 Cappadociam,
1203 437 1270 523 Sp·

33 544 35 579 ³
123 541 230 627 riam,
250 540 416 623 Arabiam,
440 538 579 603 Mediam
600 549 631 602 ct
650 538 795 602 Judaeam
814 539 941 624 ipsam,
963 551 996 603 at
1013 531 1184 624 provinciae
1199 540 1262 602 illae

123 667 251 728 omnes,
270 643 372 729 aCyri
386 642 594 727 temporibus,
609 642 738 727 regibus
752 642 923 706 Persarum
939 642 1160 728 subjacebant.
1175 643 1261 706 Nar-

124 757 215 812 ratur
241 749 338 811 etiarn
362 744 490 809 Judaeos
513 766 547 808 se
578 746 741 829 paravisse
764 743 805 808 ad
838 765 980 829 pugnam
1005 754 1115 809 contra
1143 743 1259 808 ducem

124 848 465 931 Nabuchodonosoris,
482 846 554 933 jam
571 856 680 910 autem
703 855 775 931 post
798 847 927 910 exilium
951 868 1010 911 nec
1033 855 1181 931 poterant
1201 866 1260 908 nec

125 952 282 1017 valebant
296 952 442 1015 resistere
457 951 530 1013 ullis
542 948 682 1034 regibus.
699 950 856 1013 Praetorea
869 950 901 1013 in
915 948 997 1012 libro
1015 947 1126 1015 iudith
1146 949 1259 1013 Ninive

34 1124 35 1127 ,
124 1057 255 1141 ponitur
280 1064 433 1139 tanquam
453 1051 531 1116 urbs
549 1051 785 1135 florentissima,
805 1051 865 1115 sub
884 1051 1013 1136 regibus
1033 1061 1140 1115 autem
1156 1052 1264 1115 Persis

33 1156 34 1203 ἶ
126 1156 288 1222 destructa
299 1155 443 1242 jacebat.
463 1155 587 1219 Pariter
604 1176 661 1218 rex
677 1146 844 1218 Medorum
860 1153 1034 1239 Arphaxad
1049 1163 1079 1218 et
1096 1176 1152 1218 rcx
1164 1155 1258 1238 Assy-

33 1268 35 1341 }
125 1262 247 1325 riorum
262 1255 559 1323 Nabuchodonosor
575 1266 730 1341 tanquam
746 1278 837 1342 roges
854 1257 1062 1341 potentissimi
1080 1256 1232 1320 sistuntur
1247 1280 1255 1338 3

126 1372 195 1447 post
219 1363 352 1426 exilium
375 1369 483 1423 autern
506 1379 597 1443 reges
621 1358 666 1421 illi
690 1356 823 1431 omnem
839 1359 1014 1442 potentiam
1034 1359 1208 1421 amiserant
1226 1365 1259 1420 et

33 1448 35 1473 Ι
127 1466 299 1529 Persarum
317 1462 446 1547 regibus
465 1460 632 1546 parebant.

33 1616 34 1623 ,
168 1568 200 1631 5.
226 1567 336 1648 Quare
361 1565 486 1645 melius,
509 1564 735 1646 bellarminus,
762 1564 926 1647 Serarius,
952 1564 998 1626 De
1023 1564 1228 1628 Montlaucon
1245 1594 1283 1646 ,·ι

33 1688 34 1739 3
128 1670 262 1752 Calmel,
283 1669 401 1753 Dupin,
422 1667 595 1748 Marchini,
617 1665 818 1750 Goldhngen,
838 1666 1000 1749 Junsscns,
1020 1667 1253 1752 Ghiringhello‚

129 1774 245 1854 Wolte,
260 1770 447 1854 Haneberg,
462 1769 603 1852 Reusch,
626 1770 679 1833 alii
691 1771 858 1854 perplures
874 1770 957 1833 hanc
974 1770 1138 1835 historiam
1152 1772 1256 1835 conli-

33 1878 34 1949 ]
129 1877 205 1960 gisse
223 1883 394 1939 autumant
410 1871 888 1965 aalafflliliujhbl'bnifflm
908 1874 993 1937 cirea
1013 1883 1163 1958 tempora·
1174 1874 1256 1957 regis

129 1977 279 2069 ωε
295 1975 355 2060 (1).
374 1974 487 2037 Danko
504 1983 536 2037 et
552 1974 679 2045 Niobes,
703 1983 774 2057 post
794 1964 1051 2058 Genebrardum,
1071 1995 1142 2038 earn
1167 1977 1256 2040 initio

130 2080 317 2165 captivitatis
333 2077 393 2142 sub
405 2075 537 2141 Sedecia
550 2086 605 2141 aut
623 2076 770 2140 Joachim
793 2078 934 2140 evenisse
954 2087 1077 2162 putant,
1100 2076 1164 2141 Sed
1181 2078 1260 2142 huic‘

130 2182 290 2245 sententiae
312 2179 416 2243 obstat
440 2177 554 2265 quod,
579 2188 650 2263 post
669 2177 891 2242 liberationem
914 2178 1080 2263 Bethuliae,
1106 2181 1255 2243 Israelita,

131 2281 182 2346 diu
198 2285 230 2347 in
250 2304 333 2368 pace
348 2283 506 2364 vixerunt,
531 2290 567 2345 ut
588 2281 727 2345 refertur
750 2282 782 2343 in
803 2280 884 2344 libro
906 2280 1029 2345 ludith.
1054 2281 1124 2347 Hoc
1132 2273 1255 2395 ffirtpnr
1333 2357 1336 2363 1
1389 2266 1411 2285 ’

132 2408 199 2450 cunr
218 2387 400 2471 captivitate
424 2384 619 2470 Babylonica
642 2384 804 2481 cpnciliari
817 2385 948 2474 nequit,
974 2385 1056 2449 bene
1081 2405 1156 2449 vero
1181 2407 1255 2450 cum

131 2483 253 2554 ultiniis
254 2473 461 2587 Ὲῆἶιῖἷῆςῇἰ
478 2490 562 2573 regis
579 2489 750 2571 ManassiS,
768 2497 803 2552 ut
818 2487 954 2552 ostendit
971 2487 1176 2553 Monlfaucon
1192 2490 1253 2575 (2).

33 2630 34 2635 κ
132 2591 188 2672 Qui
211 2590 308 2678 igitur
330 2592 496 2657 historiam
518 2590 629 2656 Judith
652 2592 712 2657 sub
735 2594 878 2657 Manasse
897 2594 1067 2678 collocant,
1085 2593 1255 2658 ostendunt

33 2694 35 2751 j
131 2692 312 2780 Arphaxad,
331 2717 441 2781 regern
456 2694 636 2778 Medorum,
654 2693 804 2759 cumdem
828 2712 992 2813 essepum
1032 2697 1170 2797 hraprte,
1185 2698 1253 2761 Na-

922 2761 1024 2876 dildsc
1032 2776 1093 2881 fin,
1105 2786 1266 2885 Assyrio·

130 2795 423 2864 buchodonosorem
440 2818 517 2862 vero
533 2796 684 2861 eumdem
700 2818 767 2861 esse
780 2768 975 2884 sufflas&

33 2984 34 2987 Ἴ
130 2920 197 2964 rum
208 2922 297 2987 rege,
314 2900 346 2964 d·
388 2896 477 2963 nsum
495 2909 603 2963 autem
623 2922 642 2964 a
660 2899 974 2983 Nabuchodonosore
992 2900 1051 2964 sub
1067 2922 1131 2986 quo
1148 2905 1254 2966 evenit

33 2998 34 3015 l
80 2987 82 2994 ’
132 2923 387 3089 sspiritum&

33 3188 35 3191 v
168 3105 199 3167 l.
216 3107 344 3170 Auctor.
364 3106 410 3170 De
428 3106 694 3193 auctore,lquem
719 3127 823 3192 neque
843 3105 926 3169 liber
947 3106 1013 3190 ipse
1037 3127 1142 3191 noque
1166 3115 1253 3170 ceria
1322 3148 1333 3157 ν
1383 3086 1420 3143 ”

33 3268 34 3271 ,
111 3292 114 3297 Ι
132 3204 251 3271 traditio
274 3206 429 3290 indicant,
455 3208 579 3272 nonnisi
601 3207 792 3294 conjecturae
814 3210 886 3293 plus
904 3208 1049 3272 minusve
1069 3208 1253 3294 probabiles

33 3362 35 3397 ³
133 3306 287 3375 efformari
302 3320 455 3409 possunt.)
465 3311 659 3398 Rejiciendae
677 3314 832 3399 imprimis
850 3323 922 3378 sunt
936 3334 1047 3377 eorum
1062 3311 1254 3398 conjectura

133 3412 182 3494 qui
203 3434 275 3477 cum
299 3414 463 3488 volcmar,
489 3415 536 3478 De
559 3417 679 3499 Wette,
693 3414 847 3480 Berthold
862 3425 893 3479 et
908 3415 1071 3479 Eichhorn
1086 3417 1137 3479 vel
1155 3413 1254 3479 dubi-

33 3572 34 3613 ,
133 3521 229 3579 tanter
252 3528 446 3602 autumant,
473 3520 524 3582 vel
555 3518 708 3584 audacter
731 3529 876 3583 asserunt
898 3516 1151 3623 librumpudith
1183 3529 1254 3604 post

133 3621 269 3702 tempora
280 3620 394 3685 Christi
412 3623 627 3707 conscriptum
644 3622 752 3685 luisse.
775 3622 900 3685 Etenim
940 3614 1099 3684 arsio'ncm
1117 3641 1253 3704 graecam
1296 3614 1348 3663 Ἴ
1370 3636 1406 3717 ,ΙΙ
1424 3618 1464 3651 ““”

133 3715 220 3803 hujus
232 3722 318 3806 libri,
321 3721 392 3808 jam
404 3745 424 3787 a
436 3724 468 3786 S.
483 3723 645 3788 Clemente
657 3726 804 3789 Romano
817 3723 994 3807 laudatam,
1008 3732 1104 3815 Q
1093 3722 1252 3813 Christum
1374 3712 1380 3723 ¹

33 3866 34 3873 κ
134 3823 276 3913 egstiffle
289 3835 412 3890 certum
431 3805 496 3926 affl
509 3825 731 3916 Rejiciendam
748 3830 843 3892 etiarn
861 3848 928 3892 esse
942 3848 1054 3891 eorum
1068 3826 1252 3910 opinionem

140 4080 142 4083 -
162 4035 196 4101 (ll
206 4040 262 4091 llld.
274 4043 450 4102 bellarminus,
464 4047 496 4093 lte
507 4042 585 4094 uario
599 4044 646 4095 Dei
656 4045 674 4094 l.
693 4043 740 4106 lt;
754 4042 869 4094 serarius
883 4049 909 4091 et
922 4041 1059 4098 calmetus,
1070 4038 1209 4090 comment.
1224 4039 1253 4089 in

124 4113 172 4201 ¹,litt
183 4119 283 4183 inultm
294 4124 387 4187 impin,
399 4124 528 4187 Marchioi,
543 4123 686 4190 Goldhagen
703 4126 848 4186 ,lsnsseas
860 4123 951 4184 Wette,
962 4123 1094 4186 Haueberg
1103 4127 1129 4172 et
1142 4121 1251 4184 hensch,

33 4200 37 4221 '
130 4192 220 4279 iassab
231 4202 362 4266 introduc
373 4205 456 4257 Glaire
469 4206 642 4258 liberationem
659 4206 780 4258 itethuliae
790 4205 838 4258 sub
849 4218 910 4271 rege
921 4206 1019 4257 Amasis
1037 4205 1150 4257 collocat.
1176 4265 1177 4268 Ἴ

122 4283 125 4287 ’
154 4277 197 4343 n)
211 4283 262 4333 uo.
278 4285 323 4335 cu.
339 4299 364 4349 p.
381 4285 412 4349 ll,
426 4286 533 4339 sero

164 4359 196 4423 (3)
209 4363 262 4416 llid.
280 4365 439 4420 Moutiaueon
452 4368 470 4420 l.
486 4381 509 4419 c.
521 4381 546 4432 p.
558 4366 589 4431 ll,
603 4381 626 4419 e.
645 4369 700 4420 7-8.
