3142 4964
474 11 557 133 ff
577 29 703 113 m
810 76 818 87 ‚

517 129 818 300 ,dsphssstffi
849 158 906 236 (λ
931 170 988 267 f,
1013 156 1121 261 u,
1151 130 1199 229 ff
1326 124 1515 255 gafra

456 333 532 376 raas
543 333 567 375 1.
583 331 676 374 esaar
688 333 711 376 1.
727 333 765 374 on
780 295 1095 498 rnarsrnuzphlt‘i
1143 296 1191 421 N
1258 295 1378 439 hilf}
1401 256 1469 397 ills

167 444 223 499 tur
238 434 306 521 (l):
322 432 479 514 «Quanta
496 452 594 517 porro
606 431 810 495 veneratione
821 430 951 496 librosn
991 390 1059 498 troi
1067 356 1301 520 piosequamur
1327 366 1389 460 lss
1405 460 1408 465 >

167 559 205 601 re
235 538 303 622 ipsa
320 544 465 622 apparet.
485 533 565 598 Cum
590 534 675 597 enim
694 542 739 596 tot
758 532 829 619 jam
853 536 970 600 secula
993 534 1183 621 effluxerint,
1205 556 1300 601 nemo

168 639 280 704 adhue
308 638 448 724 adjicere
475 635 653 724 quidquam
675 637 748 717 illis,
767 658 827 701 nec
848 637 991 723 demere,
1014 661 1074 704 nce
1102 651 1300 704 commutare

168 763 268 809 ausus
281 743 351 806 luit.
368 738 432 805 Sed
448 738 597 804 omnibus
615 738 719 822 nobis,
738 741 842 803 statim
858 739 985 826 abipso
1002 741 1153 805 nascendi
1170 736 1301 806 exordio

169 844 235 907 hoc
248 843 376 907 insitum
388 851 486 927 atque
500 841 645 904 innatum
662 849 720 923 est,
739 842 797 904 Dei
809 850 844 904 ut
854 842 923 907 haee
935 864 1002 907 esse
1015 852 1174 929 praecepta
1187 842 1301 908 ereda-

167 967 255 1028 mus,
271 944 448 1031 iisdemque
469 952 651 1008 constanter
668 942 934 1026 adhaereseamus,
958 955 988 1010 et
1013 967 1125 1011 eorum
1147 967 1254 1030 causa,
1277 947 1301 1010 si

170 1068 254 1133 opus
269 1049 364 1113 fuerit
382 1047 588 1111 libentissime
601 1032 743 1110 mortem
752 1047 964 1132 perferamus.
983 1075 997 1108 o

169 1182 173 1195 ·
215 1151 259 1214 50
284 1151 323 1215 Et
334 1172 458 1232 revera,
473 1151 498 1213 si
514 1147 616 1212 Judei
629 1170 836 1234 corrumpere
848 1150 1022 1274 VOllllffll
1033 1120 1300 1237 Pentdleuehum,
1363 1082 1458 1204 “sd
1464 1134 1503 1204 51

168 1256 283 1340 utique
301 1255 368 1318 loca
390 1254 446 1317 illa
469 1252 671 1332 delevissent,
687 1252 719 1314 in
743 1252 861 1337 quibus
881 1218 1170 1422 prhpppiffilibdes,
1185 1254 1301 1319 inobe-
1484 1326 1491 1339 ι

169 1357 300 1421 dientiae
312 1378 387 1442 erga
400 1358 516 1439 Deum,
534 1358 668 1439 scelera,
682 1356 863 1441 impietates
877 1379 933 1421 eor
993 1407 1001 1437 ,
1019 1360 1093 1444 ipsis
1108 1359 1303 1445 exprobran-
1318 1369 1359 1433 o,
1385 1324 1473 1451 {adi
1490 1346 1513 1439 :t

170 1468 227 1540 tur
239 1482 278 1560 t,
318 1458 359 1522 od
384 1469 492 1524 tamen
511 1481 576 1523 non
599 1458 756 1522 fecerunt.
782 1460 881 1543 Igitur
903 1460 1137 1526 Pentateuchus
1161 1450 1303 1526 nonfuit
1340 1454 1390 1489 Μ’
1442 1506 1453 1541 ,
1486 1446 1489 1455 ’

141 1481 382 1730 ε’ἰυῐοτρὲῗῖυε
399 1583 418 1626 a
434 1560 564 1643 ludaeis,
583 1562 637 1646 qui
659 1564 844 1647 ceteroquin
868 1583 933 1625 non
955 1563 1022 1626 ausi
1045 1563 1189 1645 fuissent,
1207 1573 1242 1627 ut
1258 1565 1303 1627 ait

171 1664 272 1751 Josep
318 1688 344 1747 s,
370 1666 489 1729 librum
517 1686 736 1750 corrumpere,
759 1687 856 1751 quem
884 1687 1007 1729 summa
1037 1668 1069 1730 in
1100 1670 1302 1732 veneratione

170 1758 362 1865 pabebarifl
370 1768 465 1850 Quod
481 1770 603 1832 etiamsi
620 1768 745 1832 efficere
761 1768 945 1851 voluissent,
960 1769 1014 1853 ,vix
1032 1779 1087 1833 aut
1104 1791 1143 1834 ne
1159 1771 1211 1834 vix
1227 1772 1302 1855 qui-

176 1871 254 1936 dem
272 1870 340 1936 fieri
355 1881 501 1958 poterat3
519 1893 594 1935 nam
616 1872 849 1936 Pentateuchus
864 1873 897 1936 in
915 1871 1063 1936 manibus
1079 1874 1223 1936 omnium
1240 1875 1303 1938 ha-

175 1972 327 2058 bebatur,
344 1975 473 2061 publice
486 1975 605 2060 populo
618 1974 785 2059 legebatur
800 1975 932 2059 singulis
944 1975 1114 2059 septenniis
1128 1999 1137 2057 3
1152 1975 1302 2040 sacerdo-

174 2087 224 2141 tes
244 2086 276 2140 et
291 2078 393 2141 levitae
417 2098 492 2141 eum
510 2075 668 2140 custodire
688 2074 850 2140 debebant
865 2100 874 2158 3
891 2097 930 2138 ex
943 2096 981 2138 eo
997 2073 1080 2139 libro
1096 2076 1304 2140 hauriebatur

174 2179 315 2263 cognitio
328 2180 471 2243 omnium
490 2198 562 2263 quoe
576 2176 617 2241 ad
630 2176 864 2262 rempublicam
877 2174 1045 2239 iudaicam
1059 2175 1303 2259 gubernandam

173 2280 401 2368 pertinebant3
422 2282 484 2345 hoc
503 2280 585 2344 libro
605 2289 688 2345 totus
711 2281 813 2344 cultus
829 2276 1080 2344 describebatur.
1090 2276 1184 2342 dibri
1195 2289 1303 2343 autem

173 2385 220 2450 ita
237 2384 356 2469 publici
370 2382 544 2448 adulterari
560 2383 674 2447 fraude
695 2403 872 2468 paucorum
890 2403 955 2445 non
971 2388 1115 2466 possunt,
1129 2379 1183 2444 sed
1198 2404 1303 2468 neque

174 2485 292 2552 fraude
308 2487 495 2569 multorum,
522 2488 599 2573 quia
618 2485 812 2571 impossibile
836 2494 882 2549 est
900 2495 935 2549 ut
956 2493 1020 2547 tota
1034 2483 1204 2550 multitudo
1225 2507 1304 2550 con·
1373 2481 1374 2484 '

211 2592 292 2654 ntiat
307 2592 340 2653 in
357 2611 425 2653 rem
444 2598 510 2653 tam
530 2609 674 2674 gravem
1504 2630 1508 2637 ,

222 2694 275 2757 51.
293 2691 365 2778 Ooj.
385 2693 512 2778 Triplex
526 2692 664 2757 habetur
677 2691 815 2756 historia
835 2693 981 2756 mosaicae
1000 2692 1219 2778 chronologia,
1236 2713 1305 2783 gna
1364 2654 1517 2791 Qsdp,

14 2832 21 2843 ι
64 2782 78 2834 '.
175 2806 282 2862 textus
304 2794 466 2878 hebraici,
475 2796 588 2885 ‚altera
612 2804 714 2859 textus
738 2796 936 2878 samaritani,
953 2797 1044 2888 tertia
1069 2795 1305 2861 versionis-Se·
1373 2837 1376 2843 ·

176 2900 366 2987 ptuaginta3
384 2919 455 2985 qua
468 2919 581 2963 omnes
596 2898 690 2963 valde
706 2899 788 2962 inter
804 2920 837 2963 se
853 2897 1005 2962 differunt
1021 2924 1028 2963 :
1046 2921 1121 2986 ergo
1139 2908 1305 2984 corruptus
1344 2883 1495 2927 ‘'lm''

176 3003 239 3067 fuit
253 3003 500 3066 Pentateuchus.
511 2984 531 3083 s
1370 2992 1372 2996 ⁸

197 3077 392 3208 (bhffesp.
411 3103 504 3168 Fides
525 3126 590 3168 non
613 3103 790 3189 denegatur
813 3104 903 3171 libris
923 3105 1078 3168 historicis
1102 3127 1140 3168 ex
1161 3102 1305 3190 eoquod
1369 3154 1389 3170 ,.

174 3210 210 3272 in
234 3228 346 3271 eorum
369 3207 583 3291 chronologiis
599 3209 708 3292 aliqua
724 3207 902 3292 reperiatur
919 3206 1095 3270 diversitas.
1114 3206 1306 3293 Hujusmodi
1426 3208 1429 3215 ’

100 3304 105 3318 '
175 3311 264 3374 enim
285 3309 482 3373 diversitates
509 3309 988 3395 iutegritalfflamrbslantialam
1015 3331 1079 3372 non
1104 3310 1230 3393 tollunt,
1250 3308 1306 3373 sed

175 3411 551 3491 tautumaccideutalem
566 3412 609 3477 ob
625 3434 723 3499 quam
741 3414 849 3476 nullus
864 3412 946 3476 liber
965 3411 1053 3501 rejici
1072 3421 1185 3497 potest.
1206 3413 1306 3477 Nemo

180 3516 268 3578 enim
281 3513 380 3577 nescit
398 3534 495 3598 quam
509 3514 603 3577 facilc
619 3535 829 3577 amanuenses
846 3515 937 3598 lapsu
953 3515 1129 3594 memoria,
1144 3515 1307 3577 oscitantia
1405 3558 1431 3597 .,

78 3626 85 3637 ’
179 3618 363 3697 oculorum,
380 3616 585 3681 similitudine
598 3638 714 3682 vocum
728 3639 766 3680 ae
784 3617 972 3698 litterarum,
987 3626 1041 3680 aut
1054 3617 1257 3701 negligentia,
1275 3618 1307 3679 in
1399 3678 1403 3689 ,
1499 3684 1503 3693 ς

177 3712 617 3785 transcribendis'codicibus
638 3740 788 3783 numeros
809 3721 989 3801 immutent,
1016 3719 1190 3804 prasertim
1212 3719 1238 3780 si
1263 3718 1308 3782 illi

178 3823 305 3888 numeri
320 3822 431 3885 litteris
443 3821 634 3905 indicentur,
650 3819 749 3906 quod,
765 3822 799 3884 in
811 3818 1028 3885 describendis
1041 3818 1216 3901 codicibus,
1231 3818 1308 3882 olim

177 3924 267 4011 apud
283 3925 437 3989 flehraeos
455 3927 575 3989 factum
595 3925 691 3988 fuisse
705 3925 884 4009 Scaligerus
903 3924 1022 4009 aliique
1036 3921 1121 3985 docti
1136 3922 1194 3985 viri
1211 3929 1308 3984 autu-

179 4037 281 4092 mant.
298 4028 399 4091 Porro
412 4026 636 4114 discrepantia,
655 4047 725 4112 quae
739 4026 926 4090 observatur
938 4024 1068 4088 relative
1081 4020 1122 4086 ad
1137 4022 1309 4086 chronolo-

182 4130 268 4218 giam
289 4131 549 4196 Patriarcharum
561 4132 643 4194 inter
658 4138 779 4193 textum
795 4127 970 4208 hebraeum,
994 4134 1115 4189 textum
1140 4124 1310 4189 samarita-

219 4366 254 4432 (l)
267 4367 368 4418 Contra
383 4363 518 4429 ‚tptoam
531 4361 550 4423 l,
566 4362 592 4414 8.
