3168 4948
282 302 357 346 raas
370 302 403 342 n.
423 298 516 340 curua
531 298 578 339 111.
596 296 634 338 nn
646 296 769 340 oatomr
781 297 816 345 nr
829 298 987 342 aucrourr.
1003 300 1046 343 iv.
1060 298 1191 343 evaneo.
1239 279 1302 342 507

177 424 254 475 uum
279 401 394 466 scriem
418 394 581 460 descendit
604 395 729 458 Mortua
757 397 812 480 qni
840 397 947 480 genuit
977 397 1079 471 Jacob,
1109 398 1163 482 qui
1191 419 1299 461 rursus

100 550 106 560 ·
176 506 285 591 genuit
304 501 435 586 Joscpb.
457 501 558 562 Lucas
575 518 651 562 vero
679 496 821 561 ascendit
844 497 887 561 ad
909 497 1063 562 Davidem
1082 520 1140 584 per
1163 500 1299 563 alterum

176 607 250 694 ejus·
274 606 376 671 filium
396 601 585 674 Narbonem,
611 609 642 664 et
665 598 761 664 tradit
783 600 946 685 Josopltam
971 600 1073 664 filium
1098 601 1193 665 luisse
1216 601 1298 674 Hali,

177 712 232 797 qui
256 710 339 774 filius
365 707 426 771 fuit
446 704 577 784 Matbat,
598 703 693 767 etsie
714 701 857 767 ascendit
879 724 980 788 usquc
1003 703 1044 768 ad
1063 704 1218 768 Davidem
1242 725 1300 789 por

176 813 359 877 Narbonem.
375 807 471 892 Atqui
487 807 519 870 in
536 806 584 869 bis
603 805 887 870 contradictionem
906 827 973 869 esse
989 815 1085 891 patet.
1100 808 1196 891 Ergo.

221 917 274 979 it.
293 915 384 997 Hesp.
401 910 531 973 Etiamsi
546 910 578 972 in
594 908 787 993 genealogiis
804 906 1010 972 conciliandis
1028 908 1175 994 quaedam
1192 930 1299 999 rema·

178 1025 291 1083 nerent
311 1015 459 1096 obscura,
488 1010 639 1096 ambigua
663 1018 718 1074 aut
740 1009 863 1093 dubia,
877 1012 956 1074 nihil
980 1010 1094 1076 exinde
1116 1023 1301 1098 sequeretur

179 1119 331 1202 adversus
351 1117 516 1180 veritatem
540 1114 798 1198 Evangeliornm.
823 1114 903 1178 Cum
931 1115 1016 1177 onim
1037 1115 1100 1178 alia
1120 1123 1301 1199 temporum

178 1225 307 1289 illorum
325 1226 532 1283 monumenta
552 1216 666 1299 desint,
685 1238 758 1281 cum
775 1237 862 1298 usus,
884 1238 989 1281 mores
1006 1226 1037 1280 et
1056 1219 1195 1282 instituta
1218 1218 1301 1281 illius

178 1322 276 1385 artatis
292 1321 438 1385 anostris
456 1318 637 1403 longissime
653 1316 780 1401 distent,
798 1316 876 1403 qnid
900 1319 1016 1383 mirum
1032 1321 1058 1384 si
1075 1319 1222 1406 quaedam
1242 1341 1301 1407 oc-

179 1433 309 1490 currant
335 1421 488 1507 impedita
516 1431 547 1485 ct
570 1421 729 1506 explicatu
751 1420 921 1485 difficilia?
940 1421 1089 1486 Attamen
1104 1423 1186 1487 benc
1209 1444 1302 1487 com-

178 1528 254 1613 poni
272 1535 374 1611 potest
386 1533 522 1610 utroquo
542 1524 740 1608 genealogia,
758 1524 783 1586 si
800 1525 957 1588 rationem
978 1525 1154 1589 habeamus
1172 1524 1302 1589 instituti

182 1630 323 1711 Mosaici.
472 1682 473 1685 ,
887 1714 889 1717 ι

224 1736 277 1798 15.
293 1736 358 1799 Lex
375 1744 443 1797 erat
455 1754 474 1797 a
488 1734 593 1817 Moyse
611 1731 791 1823 latalDont.
806 1733 907 1816 XXV,
923 1733 1031 1818 5-10),
1045 1742 1081 1796 nt
1097 1734 1122 1796 si
1139 1734 1210 1818 quis
1225 1732 1303 1808 abs-

180 1860 243 1924 que
263 1837 371 1901 liboris
388 1835 557 1900 defunctus
573 1843 665 1917 esset,
684 1833 784 1898 frater
803 1833 872 1920 ejus
895 1857 1028 1898 uxorem
1050 1833 1191 1899 defuncti
1214 1834 1304 1898 acci-

180 1952 280 2027 peret,
299 1951 330 2004 et
346 1941 509 2004 suscitaret
524 1959 634 2001 semen
651 1938 741 2001 fratri
760 1959 817 2001 sun
834 1936 997 2002 defuncto.
1021 1938 1121 2002 Porro
1138 1940 1303 2022 primoge-

179 2046 261 2108 nitus
278 2065 317 2107 cx
343 2040 483 2113 secundo
503 2041 557 2104 illo
585 2041 800 2123 matrimonio,
827 2039 1015 2105 censebatur
1039 2038 1121 2103 filius
1145 2038 1300 2119 defuncti,

125 2128 128 2132 Δ
179 2148 233 2232 qui
257 2146 301 2210 sic
323 2155 414 2230 pater
435 2143 504 2231 ejus
525 2142 713 2228 legationen
736 2142 887 2207 naturalis
904 2141 1012 2206 fiebat.
1027 2143 1106 2221 Jamv
1119 2151 1225 2205 autem
1240 2142 1302 2205 Jo-

177 2249 268 2333 sepb,
299 2246 382 2310 filius
411 2244 560 2308 naturalis
588 2244 648 2307 fuit
675 2244 789 2318 Jaoott,
817 2243 922 2328 legalis
949 2253 1057 2308 autem
1085 2243 1167 2307 Hett.
1202 2244 1301 2307 Porro

175 2349 277 2434 Jacob
301 2358 332 2412 et
355 2348 427 2410 Heli
450 2347 564 2409 iratres
588 2346 703 2409 uterini
730 2345 907 2410 arcadem
932 2355 1033 2410 matre
1057 2346 1165 2426 Estba,
1187 2345 1244 2410 sed
1263 2368 1302 2408 cx

176 2450 301 2516 diverso
327 2460 446 2535 patre,
477 2450 618 2513 luerunt.
648 2448 749 2513 Jacob
777 2458 902 2534 patrem
926 2449 1040 2513 babuit
1063 2450 1216 2527 Madian,
1247 2450 1302 2534 qui

177 2575 250 2618 cnm
263 2562 407 2617 mortuns
420 2560 512 2633 esset,
527 2572 608 2614 uxor
620 2549 689 2636 ejus
702 2554 808 2636 nupsit
821 2552 952 2634 blatbat,
970 2573 1008 2615 cx
1022 2573 1086 2637 quo
1100 2551 1303 2614 matrimonio

176 2664 331 2719 natusest
349 2654 434 2733 Heli.
453 2655 523 2717 Hoc
543 2675 582 2716 cx
602 2654 754 2718 Africano
774 2652 936 2737 discimus,
957 2655 1011 2738 qui
1029 2654 1144 2718 saeculo
1162 2651 1303 2719 secundo
1414 2660 1417 2665 ’

178 2756 338 2821 scribebat
364 2766 395 2820 et
424 2756 570 2845 apprime
602 2756 766 2820 veritatem
800 2754 841 2819 de
865 2757 1058 2842 genealogiis
1088 2766 1304 2841 perscrutatus

176 2861 296 2923 luerat.
326 2860 356 2922 Is
387 2860 494 2943 itaque
517 2859 561 2922 sic
584 2866 684 2922 totam
702 2880 771 2922 rem
795 2860 957 2943 explicat:
978 2884 993 2917 a
1011 2859 1043 2921 Si
1067 2857 1223 2922 aDavidc
1246 2879 1304 2942 per

174 2961 380 3024 Salomonem
406 2960 626 3046 generationes
648 2981 721 3025 cum
751 2962 897 3025 Mattbaeo
926 2948 1156 3041 numeraveris,
1189 2962 1299 3024 tertius
1342 3039 1346 3044 ,

176 3062 285 3127 itidem
301 3084 320 3127 a
337 3062 399 3127 fine
422 3064 599 3148 reperietur
616 3063 730 3127 Melchi
749 3065 797 3149 (i)
814 3063 905 3150 cujus
930 3063 1012 3127 filius
1036 3064 1095 3127 fnit
1110 3063 1194 3145 Heli,
1211 3074 1302 3147 pater

176 3163 317 3248 Josephi:
339 3165 391 3229 Sic
412 3167 497 3229 enim
521 3167 565 3229 ait
582 3165 592 3228 ¹:
618 3167 742 3251 Joseplt,
764 3171 818 3253 qni
834 3169 896 3252 fait
917 3167 997 3242 Hali,
1023 3170 1077 3253 qni
1096 3167 1157 3254 fuit
1181 3166 1299 3230 Menti.

175 3269 254 3332 Cum
272 3269 367 3353 igitur
383 3271 481 3346 veluti
499 3291 613 3354 scopus
634 3270 725 3335 nobis
749 3273 929 3356 propositus
952 3272 990 3336 sit
1006 3271 1175 3357 Josephus,
1196 3271 1301 3355 expli-

176 3369 314 3435 candum
342 3371 434 3436 uobis
458 3381 504 3435 est
531 3371 692 3457 quomodo
708 3383 843 3458 uterquc
860 3383 950 3459 pater
968 3375 1053 3438 illius
1073 3395 1140 3439 esse
1160 3373 1297 3455 dicatur,

175 3483 241 3536 tam
256 3474 370 3556 Jacob,
387 3476 442 3560 qui
467 3496 505 3539 cx
529 3475 712 3560 Salomone,
730 3498 828 3562 quam
845 3477 930 3560 Heli,
950 3478 1005 3563 qui
1029 3498 1068 3539 ex
1090 3476 1217 3540 Nathan
1233 3477 1301 3540 ori·
1388 3524 1391 3529 ι

207 3751 242 3813 (tt
263 3749 290 3799 lo
308 3751 382 3801 Luca.
400 3752 544 3816 genealogia
562 3766 568 3802 :
588 3752 681 3817 Josept
698 3752 742 3817 qut
756 3753 808 3817 suit
824 3750 890 3814 Heli,
912 3753 956 3816 qut
970 3753 1020 3814 [uit
1042 3751 1163 3813 Motbnt,
1186 3752 1230 3814 qui
1246 3752 1299 3814 [nii

173 3832 241 3892 Lavi,
263 3831 308 3895 qni
325 3832 378 3895 snit
394 3831 496 3882 Moloni.
514 3832 645 3883 Afrieruus
659 3840 743 3885 autem
758 3834 785 3882 in
802 3847 848 3884 suo
865 3834 950 3885 codice
966 3833 1028 3896 legit
1049 3846 1055 3882 :
1073 3831 1167 3896 loseph
1185 3832 1231 3895 qni
1246 3833 1298 3895 snit

175 3913 238 3975 neta,
256 3914 301 3978 qai
314 3914 366 3978 (nit
382 3914 484 3976 Metabi,
498 3915 598 3965 omissis
612 3915 705 3966 Matbat
717 3921 745 3966 et
758 3916 827 3967 Levi.
843 3916 907 3967 Cum
921 3915 1037 3966 Africano
1046 3916 1163 3977 legerunt
1174 3913 1298 3964 Eusebius

174 3996 270 4059 Queat.
282 3997 317 4044 od
333 3995 420 4059 Stept.
436 3996 461 4060 53
478 3995 626 4047 Ambrosius
636 3996 680 4049 tn.
696 3999 721 4048 5.
737 3998 766 4047 tn
780 3998 852 4057 Laa.;
871 3997 988 4059 lrenaeus,
1005 3997 1105 4047 Contra
1116 3996 1178 4046 loer.
1197 3994 1238 4057 ill,
1253 3997 1295 4048 55.

175 4079 281 4129 loannes
293 4078 462 4129 Damascenns
471 4079 516 4141 (De
526 4080 576 4142 (ida
589 4079 657 4130 ortis.
671 4079 710 4142 lv,
726 4080 766 4145 14)
777 4081 852 4132 habet
861 4080 922 4131 Levi
938 4088 967 4130 ut
978 4086 1074 4142 patrem
1084 4079 1171 4129 Melcbi
1183 4086 1209 4129 ct
1219 4080 1296 4130 tradit

175 4161 277 4210 Beatam
288 4158 416 4222 Virginem
425 4160 526 4223 losephi
539 4168 669 4223 cognatam
680 4160 775 4212 inisse:
789 4161 872 4214 «Levi
886 4162 976 4225 genuit
990 4161 1079 4211 Metabi
1092 4167 1119 4211 ct
1134 4147 1293 4211 Pantherem.

175 4240 287 4293 Panthcr
310 4246 395 4290 antem
417 4243 505 4304 genuit
531 4242 734 4304 Barpantherem.
758 4244 912 4308 Barpanthcr
936 4244 1024 4308 genuit
1038 4243 1164 4304 toachim;
1184 4244 1294 4295 toachim

175 4322 265 4388 gennit
280 4327 390 4373 ennam
405 4323 448 4376 nei
462 4324 645 4390 genitricem.»
