3142 4964
272 318 313 380 76
498 342 697 388 rnrnooucrro
713 349 860 394 srncums
874 352 907 394 m
926 351 953 394 s.
971 350 1171 394 scarrrnunn.

316 439 368 504 15.
384 440 474 527 Hesp.
492 443 595 510 David
617 468 683 531 prae
707 451 819 513 ceteris
837 449 966 535 regibus
985 451 1124 514 maxima
1145 449 1233 515 dedit
1250 454 1398 516 omnium

270 543 423 606 virtutum
444 547 641 629 specimina:
660 551 830 635 pueritiam
846 553 927 615 inter
947 573 1070 637 greges,
1093 552 1342 618 adolescentiam
1361 556 1397 618 in

270 643 357 710 hello
382 656 413 710 et
435 648 534 733 fuga,
568 661 691 717 aetatem
715 654 840 717 virilem
871 655 904 717 in
926 675 1025 739 regno
1048 655 1267 720 constituendo
1290 666 1397 722 terere

270 756 409 833 coactus,
439 751 558 837 ubique
582 755 737 819 mitissimi
759 756 958 847 piissimique
976 757 1094 842 ingenii
1119 759 1267 843 exempla
1291 757 1393 824 dedit.

269 851 355 932 Quot
372 852 494 919 vicibus
507 856 606 940 Sauli,
623 857 748 941 fraude,
766 867 797 922 et
815 858 900 923 hello
916 861 1013 924 vitam
1030 859 1097 945 ejus
1117 862 1307 946 exquirenti,
1332 885 1397 948 pc-

268 957 380 1039 percit,
400 956 455 1021 ubi
469 958 563 1023 facile
578 982 652 1024 eum
671 961 817 1026 occidere
835 964 996 1047 potuisset.
1016 964 1228 1027 Nihilominus
1246 967 1396 1051 quamvis

267 1078 288 1121 a
301 1058 407 1142 Saule,
422 1067 520 1145 quem
533 1061 574 1125 de
593 1064 775 1128 Philisthaeis
787 1066 940 1130 victorem
952 1064 1148 1149 reddiderat,
1162 1067 1282 1151 pluries
1298 1065 1396 1131 dece-

247 1170 352 1252 ptus,
372 1174 514 1228 extrema
534 1165 641 1230 subire
658 1168 800 1252 pericula
818 1169 931 1232 maluit
953 1190 1050 1254 quam
1076 1191 1190 1233 manus
1209 1170 1243 1232 in
1260 1179 1396 1233 unctum
1473 1178 1476 1184 '
1557 1170 1558 1213 l

266 1264 394 1328 Domini
413 1268 548 1331 mittere.
575 1269 657 1332 Dum
681 1271 725 1334 sic
743 1270 877 1334 inimicis
898 1270 1160 1335 clementissimus
1174 1270 1340 1355 parcebat,
1360 1273 1396 1335 in

267 1368 325 1432 Dei
339 1368 449 1433 landes
461 1371 619 1455 piissimus
635 1394 702 1437 sese
719 1373 914 1456 effundebat,
933 1376 1047 1439 merito
1062 1375 1157 1459 igitur
1172 1377 1220 1437 vir
1230 1375 1396 1437 secundum

266 1492 317 1533 cor
332 1473 391 1534 Det
405 1473 438 1534 in
452 1472 614 1558 Scriptura
633 1487 846 1560 nuncupatur.
865 1477 928 1540 Nos
941 1486 1059 1558 tamen,
1075 1478 1130 1561 qni
1151 1496 1225 1540 cum
1236 1475 1394 1560 Augusti-

266 1594 309 1635 no
321 1572 369 1658 (1)
386 1598 400 1632 κ
419 1574 597 1660 Scripturas
609 1599 716 1642 sacras
731 1600 796 1642 non
808 1580 975 1642 hominum
990 1588 1120 1664 peccata
1137 1576 1353 1661 defendimus,
1375 1604 1391 1639 n

267 1675 415 1739 nolumus
439 1676 481 1740 ab
504 1680 591 1742 omni
616 1681 710 1765 culpa
732 1679 887 1745 Davidem
917 1701 1104 1766 expurgare.
1129 1680 1292 1744 Commisit
1315 1681 1395 1766 qui-

267 1775 342 1840 dem
365 1799 432 1860 rex,
452 1781 595 1844 omnium
617 1783 786 1865 maximus,
806 1804 846 1846 ex
860 1784 1002 1846 hnmana
1021 1781 1203 1866 fragilitate,
1228 1790 1259 1843 ct
1281 1781 1395 1845 homi-

266 1878 340 1944 cidii
358 1891 389 1944 et
410 1880 558 1946 adulterii
583 1885 716 1968 crimen,
736 1884 792 1949 sed
814 1908 834 1950 a
853 1886 1012 1971 Propheta
1032 1883 1213 1948 admonitus
1230 1886 1390 1969 poenituit.

267 2008 282 2042 a
300 1984 447 2049 Peccavit
462 1985 611 2069 Davides,
632 1988 720 2073 quod
738 1991 839 2052 solent
855 2009 957 2073 reges,
974 1987 1029 2052 sed
1045 1987 1263 2073 poenitentiam
1281 1987 1390 2071 gessit,

262 2085 360 2169 flevit,
380 2088 545 2174 ingemuit,
569 2091 656 2177 qnod
677 2115 742 2156 non
757 2094 860 2156 solent
874 2113 965 2176 reges
977 2090 1037 2178 (2).
1058 2117 1072 2152 »
1091 2091 1293 2174 Exaggerant
1312 2091 1392 2174 qui-

262 2188 338 2253 dem
361 2190 518 2256 increduli
543 2195 699 2284 supplicia
723 2193 763 2259 de
787 2194 956 2278 Moabitis,
989 2203 1019 2257 et
1046 2194 1237 2257 Ammonitis
1261 2203 1393 2278 sumpta

261 2294 274 2368 l
277 2296 312 2355 II
326 2295 399 2378 Ray.
420 2296 492 2378 XII,
512 2295 578 2379 51).
598 2296 661 2360 Sed
680 2300 704 2360 si
721 2297 903 2361 attendatur
915 2299 1044 2361 illorum
1060 2297 1253 2382 populorum
1268 2295 1392 2359 crude·
1422 2292 1426 2298 ’

262 2395 357 2477 litas,
380 2395 421 2459 de
440 2418 504 2481 qua
526 2397 642 2462 dicitur
654 2448 662 2482 ,
689 2399 775 2484 apud
800 2404 903 2464 Amos.
928 2401 954 2482 I,
981 2398 1046 2482 15,
1072 2398 1159 2485 qnod
1180 2398 1393 2462 dissecuerint

262 2508 473 2583 praegnantes,
493 2501 584 2565 aliter
601 2501 892 2587 eritjndicandum.
907 2500 1022 2584 Quoad
1034 2500 1162 2566 fidema
1178 2500 1301 2566 Davide
1319 2504 1391 2587 regi

262 2600 359 2664 Achis
373 2599 482 2665 datam
496 2602 649 2668 adversus
660 2606 830 2688 israelitas,
847 2605 960 2687 David,
978 2606 1003 2668 si
1024 2604 1101 2690 quid
1119 2605 1151 2667 in
1165 2605 1213 2668 his
1226 2625 1392 2688 peccave-

261 2706 313 2787 rit,
337 2713 444 2768 tamen
467 2727 527 2769 nec
546 2705 643 2770 fidem
666 2708 771 2792 fregit,
798 2729 857 2772 nee
873 2705 1024 2771 adversus
1044 2708 1200 2771 Israelitas
1218 2707 1389 2791 pugnavit.

259 2808 349 2872 Alias
367 2805 566 2874 difficultates
582 2811 971 2876 solvunt-auctoresinitio
983 2811 1078 2897 hujus
1094 2812 1205 2896 capitis
1220 2811 1319 2877 citati.

293 3026 329 3092 (ll
344 3027 445 3079 Contra
456 3027 579 3078 Faustum
588 3025 654 3089 xxl,
667 3027 709 3078 45.

292 3110 329 3175 (Ξ)
341 3112 366 3162 S.
380 3112 497 3163 Ambros.
508 3109 618 3177 apotoy.
636 3111 701 3162 Dav.
718 3109 758 3161 lv.
