3142 4964
27 772 128 905 ‚ii

420 362 494 403 runs
509 362 532 402 1.
547 362 639 402 curor
655 362 678 403 1.
694 361 731 402 ns
747 361 969 405 rsnrrrnucno.
1222 341 1266 402 59

137 471 170 524 ut
185 463 310 547 Moyses
329 458 468 524 dicenda
485 483 493 521 τ
511 473 539 522 et
554 460 669 545 facturn
693 473 736 523 est
758 482 878 546 vespere
902 471 930 522 et
953 460 1067 544 (actum
1094 470 1139 522 cst
1163 480 1262 530 mone,

136 565 197 627 dies
222 567 338 637 tertius,
358 562 576 648 metaphorice
602 563 726 625 locutus
749 563 799 644 sit,
824 572 855 625 et
874 583 931 646 per
953 562 1031 625 diem
1052 559 1266 644 designaverit

137 667 289 750 temporis
308 686 493 728 mensuram
508 663 601 728 nobis
616 663 704 728 hand
723 663 900 729 definitam.

176 770 230 831 67.
252 769 335 833 Huic
356 760 619 853 interpretationi,
642 789 741 853 quarn
761 769 880 833 alicubi
900 770 1039 853 suggerit
1055 768 1088 831 S.
1111 767 1265 852 Augusti-

137 892 193 933 nus
213 871 263 954 (1)
289 892 352 935 non
369 880 529 955 repugnet
545 880 648 934 textus
665 833 1058 1037 Geneseosffitcabulm
1075 868 1207 956 quidem
1224 876 1265 934 ui*

846 994 886 1059 ⁰5

135 974 195 1035 dics
210 974 381 1058 muitipiici
397 995 490 1037 sensu
507 975 642 1036 sumitur
657 976 689 1038 in
709 974 798 1038 libris
886 974 923 1037 si.
940 975 974 1036 1⁰
993 974 1128 1036 sumitur
1144 994 1203 1057 pro
1218 975 1266 1036 dic

28 1064 34 1082 ’
134 1075 229 1139 saturi
241 1074 285 1139 ud
300 1075 534 1141 distinctionem
546 1064 669 1175 noctis]
677 1086 711 1140 ut
723 1078 756 1141 in
769 1078 831 1141 hoa
848 1075 927 1142 Gen.
943 1077 970 1158 Ι,
987 1078 1029 1139 ii
1044 1099 1052 1138 r
1066 1079 1158 1138 Fiunt
1169 1076 1264 1139 inmi-

136 1181 222 1240 naria
235 1182 270 1241 in
282 1179 475 1263 firmamento
491 1179 556 1242 casii
566 1192 593 1242 et
605 1181 742 1243 dividant
755 1181 833 1242 diem
846 1203 881 1243 ac
892 1192 1006 1243 noctem
1019 1191 1046 1242 et
1060 1182 1165 1243 sintin
1178 1182 1265 1264 siqua

136 1292 162 1342 et
182 1292 319 1366 tempora
343 1292 370 1343 ct
394 1282 457 1344 dics
474 1293 502 1343 ct
518 1303 614 1345 annos
625 1305 640 1361 ,·
656 1292 687 1345 et
708 1284 739 1345 in
759 1283 822 1345 hoc
840 1282 917 1347 Gen.
938 1280 1007 1363 Vll,
1028 1282 1092 1344 ii:
1114 1284 1205 1344 Facta
1223 1293 1266 1344 cst

135 1383 238 1466 pluvia
254 1404 347 1467 snper
368 1395 480 1446 terram
502 1384 705 1468 qnadrapinta
725 1385 829 1448 diebus
851 1395 879 1446 ct
897 1385 1100 1469 qnadrapinta
1118 1384 1263 1447 noctibus.

136 1470 320 1584 ifiumitur
332 1507 391 1570 pro
409 1487 456 1548 die
472 1485 555 1550 ciuili
570 1508 627 1549 seu
643 1487 743 1571 spatio
763 1488 805 1550 nt
820 1461 1039 1587 horarurfflut
1057 1487 1088 1549 in
1105 1487 1167 1549 hoc
1184 1485 1263 1552 Get.

136 1587 203 1670 vll,
224 1589 268 1652 10
284 1612 292 1650 ε
313 1588 447 1673 Cumque
464 1591 642 1652 transissent
657 1600 769 1673 septem
783 1590 857 1662 dics,
873 1610 961 1673 aquae
975 1589 1199 1652 inundaverunt
1215 1610 1266 1652 sn·

133 1712 188 1773 per
216 1703 343 1753 terram.
373 1691 494 1754 Tenent
511 1691 603 1754 multi
631 1690 699 1754 dies
726 1692 894 1755 creationis
923 1691 1027 1774 primo
1049 1691 1100 1757 vel
1124 1689 1264 1755 secundo

137 1777 226 1856 sensu
247 1792 473 1878 intelligendos
491 1795 665 1877 presertim
686 1815 724 1857 eo
746 1792 833 1878 quod
853 1791 1087 1877 distinguantur
1109 1792 1178 1857 dies
1197 1795 1264 1877 pri-

137 1915 215 1977 muS,
242 1894 414 1977 secundus,
433 1868 554 2004 sextus)
568 1876 754 2065 Qur
771 1917 829 1979 pro
846 1894 984 1959 breviori
1003 1897 1054 1958 vel
1074 1894 1264 1959 diuturniori

135 2000 287 2082 temporis
312 1988 478 2101 spatioJut
499 1998 532 2062 in
555 2000 617 2063 hoc
672 2021 719 2062 en.
747 2000 788 2083 ΙΙ,
811 2000 853 2062 t:
874 2001 944 2063 Istoe
966 2013 1037 2063 sunt
1059 2003 1264 2084 peneratianes

137 2100 199 2163 caeli
220 2114 249 2164 et
272 2113 361 2164 terra
385 2102 506 2186 qnando
522 2114 621 2165 meatu
647 2114 719 2165 sunt
734 2105 767 2163 in
786 2103 834 2165 dic
850 2124 908 2186 qno
923 2103 994 2185 fecit
1012 2104 1162 2166 Dominus
1181 2103 1263 2164 Dens

138 2203 237 2266 casium
261 2214 292 2266 ct
308 2215 417 2266 terram
436 2216 464 2265 et
482 2225 568 2266 omne
581 2202 746 2288 airpultnm
762 2206 839 2287 apri.
863 2203 956 2285 Nam,
978 2223 1078 2287 quum
1094 2204 1177 2266 Deus
1196 2223 1263 2266 coe-

167 2422 200 2484 (i)
215 2422 250 2472 ite
269 2419 333 2469 Gen.
352 2426 445 2471 contra
463 2419 620 2469 Manicitoeas
638 2420 655 2468 1.
675 2418 694 2480 1,
706 2433 729 2469 c.
744 2421 792 2468 14:
808 2437 818 2464 a
838 2420 960 2479 Querunt
975 2419 1101 2482 quomodo
1113 2427 1206 2482 quarto
1222 2420 1264 2470 die
1363 2489 1364 2492 Ἴ

135 2503 197 2554 iactu
206 2505 259 2554 sint
273 2504 366 2562 sidera,
379 2504 406 2553 id
417 2511 466 2560 cst,
481 2503 519 2552 soi
531 2508 558 2552 et
573 2503 641 2562 iuna,
659 2508 686 2552 et
699 2502 788 2552 stetin.
810 2502 873 2552 Tres
887 2502 954 2551 enirn
968 2502 1023 2552 dies
1040 2502 1183 2563 superiores
1195 2517 1261 2566 quo-

137 2587 207 2637 nodo
222 2599 278 2637 esse
299 2585 354 2635 sine
375 2585 427 2634 soie
442 2590 589 2646 potuerunt.
604 2596 662 2633 cum
679 2583 807 2634 videamus
823 2595 890 2633 nunc
905 2583 962 2634 solis
975 2589 1034 2634 ortu
1049 2591 1075 2634 ct
1088 2595 1178 2634 ocmsu
1193 2585 1261 2635 diem

136 2667 244 2731 transigi,
266 2673 367 2716 noctem
388 2678 448 2715 vero
469 2665 541 2715 nabis
557 2664 611 2715 iieri
631 2666 690 2714 solis
709 2666 831 2725 absentia,
848 2679 905 2715 cum
925 2666 956 2714 ab
973 2666 1020 2715 ntia
1040 2672 1110 2727 parte
1130 2667 1218 2716 mundi
1230 2668 1260 2716 ud

135 2749 255 2800 orientem
270 2749 357 2801 redit?
372 2749 469 2811 Quibus
483 2749 673 2810 respondemus,
689 2749 801 2812 potuisse
814 2749 868 2799 fieri
881 2758 911 2803 ut
926 2759 975 2799 tres
987 2750 1131 2817 superiores
1141 2750 1194 2800 dies
1208 2751 1261 2800 sin-

137 2832 185 2892 gun
199 2845 247 2894 per
254 2839 351 2882 tannm
364 2845 460 2882 moram
473 2833 595 2894 temporis
608 2840 826 2894 computarentur,
842 2846 887 2894 per
903 2841 1022 2895 quantam
1036 2845 1130 2893 moram
1144 2833 1261 2882 circumit

137 2913 179 2973 sol,
192 2927 224 2963 ex
239 2927 292 2978 qua
304 2916 418 2976 procedit
430 2917 462 2966 ab
476 2917 575 2966 oriente
586 2928 720 2979 quousque
739 2931 829 2966 rursus
842 2918 873 2967 ad
891 2917 1014 2966 orientem
1030 2917 1174 2966 revertitur.
1194 2917 1261 2966 Hanc

137 2996 201 3047 enirn
214 3011 313 3048 mortun
324 3005 351 3048 et
359 2985 542 3063 longitudinem
559 2999 680 3062 temporis
695 3006 796 3061 possent
809 3000 903 3049 sentire
918 2999 1032 3049 homines
1046 2998 1144 3049 etiarnsi
1163 2999 1189 3047 in
1202 3012 1260 3061 spe-

137 3078 213 3130 luncis
223 3080 375 3141 habitarent,
391 3080 435 3130 ubi
449 3082 573 3131 orientem
587 3088 613 3130 et
624 3082 779 3131 occidentem
797 3081 875 3131 solem
891 3081 976 3130 videre
987 3093 1038 3130 non
1050 3089 1159 3143 possent.
1176 3082 1261 3144 Atque

136 3160 168 3208 ita
178 3160 287 3210 sentitur
306 3160 501 3222 potuisseistnm
520 3174 614 3211 morsm
632 3160 686 3210 iicri
698 3162 774 3211 etiam
785 3162 839 3212 sine
855 3162 907 3212 sote
923 3168 1061 3224 antequam
1072 3162 1108 3212 sai
1125 3161 1205 3212 fuctus
1218 3175 1260 3212 es-

138 3249 181 3300 set,
194 3250 275 3307 atque
286 3242 367 3305 ipsam
381 3255 476 3292 moram
493 3243 518 3291 in
535 3243 576 3292 ilio
590 3243 677 3293 triduo
691 3257 737 3306 per
748 3242 803 3294 dies
818 3243 929 3306 singutas
942 3249 1121 3306 computatam.
1138 3243 1189 3293 iim
1200 3255 1261 3307 ergo

137 3325 354 3384 responderemus,
365 3324 414 3373 nisi
425 3337 469 3373 nos
479 3332 605 3373 revocaret
615 3325 681 3388 quod
693 3325 841 3385 indicitur,
854 3330 877 3374 ct
886 3327 958 3389 (octa
969 3330 1007 3375 est
1016 3337 1123 3389 uespera
1130 3331 1154 3374 et
1162 3326 1262 3387 facturn

137 3410 171 3453 est
186 3418 270 3466 mane,
284 3406 353 3469 quod
369 3419 437 3455 nunc
451 3406 505 3457 sine
521 3406 583 3457 solis
600 3419 676 3457 eursu
691 3407 806 3456 uidemus
823 3406 878 3457 deri
893 3420 942 3457 non
959 3420 1040 3469 posse.
1053 3407 1139 3458 Restat
1155 3420 1216 3472 crgo
1231 3417 1260 3457 ut

137 3484 314 3549 intelligemus,
328 3488 357 3536 in
372 3489 431 3550 ipsa
442 3488 544 3551 quidem
557 3501 633 3537 atara
650 3489 775 3552 temporis
786 3489 963 3539 distinctiones
974 3502 1081 3554 operum
1094 3490 1132 3539 sic
1143 3489 1260 3555 appelta-

139 3567 184 3623 tus,
195 3559 330 3628 vespertini
339 3570 447 3628 propter
459 3567 661 3616 transactionem
671 3568 844 3616 corisummati
855 3569 949 3631 operis,
968 3572 992 3617 et
1006 3581 1081 3617 inane
1098 3573 1207 3632 propter
1217 3568 1260 3617 in-

137 3646 293 3696 choationem
305 3647 392 3709 saturi
405 3648 491 3711 opens
502 3664 512 3706 ,·
536 3650 566 3698 dc
576 3649 745 3699 similitudine
764 3650 861 3700 scilicet
882 3649 1054 3700 demanarunt
1068 3663 1183 3714 operum,
1198 3651 1261 3714 quia

135 3726 282 3793 pierumque
291 3741 310 3778 a
320 3741 393 3778 atam
404 3731 533 3793 incipiunt
542 3735 566 3780 ct
577 3733 612 3781 ad
622 3744 755 3795 vesperam
763 3732 891 3782 desinunt.
905 3749 916 3779 r
930 3731 957 3782 in
969 3732 1033 3784 libro
1045 3731 1080 3781 ne
1092 3730 1153 3782 Gen.
1164 3731 1200 3780 ad
1208 3730 1257 3780 tin.

138 3807 153 3856 Ι.
164 3808 203 3869 lv,
219 3809 261 3861 m.
274 3812 393 3874 opinatur
409 3813 462 3862 dies
477 3813 532 3863 ilios
549 3811 637 3863 referri
651 3814 681 3863 ad
697 3814 865 3877 cognitionem
879 3815 1025 3878 angelorum
1040 3820 1067 3865 et
1081 3827 1125 3864 sex
1137 3813 1260 3876 distingui

136 3893 266 3943 creationis
287 3894 340 3944 dics
360 3894 432 3956 iuxta
451 3909 494 3945 sex
516 3908 601 3945 rerum
621 3909 713 3958 genem
728 3897 759 3947 ab
775 3897 869 3961 angelis
884 3897 1000 3960 cognita,
1014 3910 1090 3960 quarn
1108 3894 1258 3945 sententium

138 3971 254 4025 laudens.
269 3975 377 4025 Thomas
392 3990 418 4039 q.
432 3977 473 4035 58,
489 3978 540 4026 ui.
553 3977 584 4028 ad
597 3978 631 4026 1¹¹¹
643 3983 669 4026 et
682 3991 707 4041 q.
725 3978 765 4026 n.
778 3991 801 4028 a.
819 3979 844 4026 ὅ.
869 3977 895 4027 tn
909 3990 985 4040 opere
998 3990 1057 4027 vero
1075 3976 1110 4027 De
1125 3976 1182 4027 Cia.
1199 3975 1258 4039 liei,

138 4054 154 4102 l.
168 4055 260 4107 xisti
268 4057 341 4109 airzi
355 4059 404 4121 Qui
414 4060 468 4109 dies
477 4059 618 4122 cujusmodi
629 4060 688 4119 sint,
701 4069 745 4110 aut
755 4060 900 4123 perdifficile
910 4059 990 4120 nobis,
1001 4068 1045 4110 sut
1056 4060 1131 4110 etiam
1141 4059 1259 4122 impossi-

138 4136 184 4189 bile
195 4147 233 4190 est
244 4141 365 4205 cogitare,
378 4149 473 4205 quanto
485 4143 563 4205 magis
574 4143 667 4193 dicere.
682 4160 693 4190 1
709 4143 766 4193 vid.
785 4143 861 4194 etium
875 4141 978 4205 unger.
989 4141 1026 4194 De
1035 4143 1151 4206 princip.
1164 4140 1204 4204 iv,
1217 4142 1257 4204 te;

139 4217 212 4272 Gicm.
225 4223 296 4272 Alex.
308 4223 405 4274 Siron.
420 4223 461 4285 vi,
474 4223 531 4274 684.
543 4224 662 4288 Plerique
671 4233 757 4275 autem
771 4226 876 4276 Petrum
888 4237 932 4275 sex
943 4224 1077 4274 creationis
1091 4224 1146 4275 dies
1158 4226 1190 4275 de
1203 4225 1259 4274 die·

139 4301 183 4350 bns
193 4306 293 4379 proprie
311 4306 386 4356 dictis
399 4306 556 4369 intelligunt.
567 4306 631 4357 Cum
649 4309 697 4358 istu
710 4309 916 4371 interpretatione
932 4308 1045 4359 nonnulii
1060 4308 1170 4372 theologi
1182 4308 1258 4359 etiam

27 4380 40 4443 ¹,
139 4385 267 4437 conciliare
281 4396 405 4438 conentur
419 4388 580 4451 gealogorum
594 4389 691 4451 placitu.
