3166 4958
306 280 382 325 raus
393 280 428 325 11.
447 280 541 324 carur
553 280 601 324 ur.
618 281 656 323 na
668 281 791 326 orroma
806 281 1009 327 srarcroarr.
1027 285 1071 328 av·
1089 284 1219 334 avares.
1266 272 1331 337 259

202 378 341 465 moduli,
363 381 498 464 leland,
517 381 745 467 Rolingbroke,
766 384 896 468 Collina,
914 381 1001 469 apud
1020 385 1152 472 Augias,
1174 390 1327 477 Voltaire,

202 483 383 569 Rousseau,
397 485 463 569 alii,
481 486 512 551 in
530 484 644 569 Gallia,
662 486 742 552 Celsi
756 496 787 552 et
805 488 971 574 Porphyrii
986 490 1116 576 vestigia
1133 504 1326 577 prementes,

202 607 270 650 non
295 596 362 651 tam
390 587 562 672 Evangelia
586 608 654 651 esse
676 589 815 673 genuina
838 598 869 665 et
890 590 1014 675 integra
1037 603 1206 678 negarent,
1229 616 1327 682 quam

201 690 308 774 potius
320 710 432 755 eorum
447 697 594 755 auctores
605 691 727 755 nullam
743 689 840 755 fidem
855 693 972 756 mereri
987 713 1190 781 quacumque
1206 699 1328 762 ratione

200 791 344 856 stabilire
360 800 552 856 conarentur
566 789 626 878 (l).

248 898 280 960 8.
305 894 524 961 Βαιίοκαὶίεῑω.
550 896 622 960 Mox
646 903 752 959 autem
773 916 791 959 e
814 896 970 982 principio
994 896 1087 962 liberi
1108 901 1326 985 examinis,a

201 997 528 1084 pseudo-reformatis
550 998 686 1081 invecto,
711 999 812 1062 altera
835 1001 970 1065 surrexit
990 1000 1112 1086 schola,
1134 1024 1207 1088 quae
1230 1003 1326 1070 hodie

201 1102 267 1166 late
284 1122 342 1186 per
356 1100 574 1184 Germaniam,
588 1098 738 1181 Galliam,
756 1100 918 1185 Angliam,
934 1102 1213 1186 septentrionalem
1226 1107 1325 1175 dme-

201 1205 315 1287 ricam,
339 1203 430 1286 alibi,
451 1224 610 1268 venenum
625 1223 718 1267 suum
735 1204 855 1289 spargit
871 1212 903 1268 et
917 1205 1162 1290 Evangeliorum
1183 1211 1326 1275 auctori-

199 1316 299 1371 tatem
311 1305 528 1392 undequaque
540 1307 720 1371 convellere
733 1307 853 1370 nititur.
867 1306 944 1371 Haec
961 1317 1008 1371 est
1023 1307 1133 1373 ecbola
1151 1332 1235 1396 quae,
1249 1314 1326 1398 quia

199 1430 332 1475 omnem
351 1409 580 1474 revelationem
596 1429 725 1494 prorsus
740 1407 851 1494 abjicit
864 1410 998 1495 solaque
1018 1411 1141 1477 ratione
1160 1412 1234 1477 duci
1251 1416 1325 1501 glo·

197 1515 313 1596 riatur,
328 1510 557 1576 Rationalirtieo
572 1512 763 1596 appelletur.

245 1617 278 1680 9.
297 1614 423 1681 Sembr.
443 1614 545 1701 Hujus
561 1615 676 1680 schole
700 1633 815 1700 pareus
835 1614 997 1679 Semlerus
1019 1626 1168 1702 quatuor,
1190 1629 1225 1683 ut
1247 1622 1324 1689 olim
1359 1645 1361 1649 ’

201 1718 429 1802 Valentiniani,
454 1718 625 1802 Evangelia
648 1718 783 1801 recipit,
802 1714 870 1800 sed,
890 1717 965 1802 qtrie
983 1737 1025 1781 ex
1047 1739 1112 1782 una
1133 1730 1223 1805 purte
1245 1723 1340 1789 nihil?

197 1822 444 1906 supernaturale
467 1820 500 1885 in
522 1819 668 1884 doctrina
682 1829 737 1884 aut
755 1821 787 1883 in
811 1819 902 1884 factis
922 1818 1089 1886 admittere
1113 1825 1325 1903 eternitates

198 1926 303 1988 altera
318 1933 410 2009 perte
428 1924 521 2008 plura
539 1923 572 1986 in
593 1923 771 2007 Evangeliis
790 1922 972 1987 referuntur
988 1924 1144 1991 miracula
1163 1945 1219 1989 seu
1240 1926 1324 1992 lacta

197 2026 467 2112 supernaturalia,
483 2033 517 2089 et
538 2026 632 2110 plura
654 2023 848 2089 definiuntur
870 2023 1022 2109 dogmata
1044 2027 1174 2091 rationis
1192 2038 1323 2114 captum

195 2131 394 2215 superantia,
416 2130 601 2194 necessitate
617 2129 791 2214 systematis
809 2137 936 2194 coactus
956 2129 1025 2192 baee
1045 2131 1151 2194 omnia
1168 2131 1251 2195 intra
1266 2153 1323 2196 ra-

195 2234 292 2298 tionis
313 2234 428 2297 limitas
444 2230 598 2297 reducem
613 2232 737 2317 satagit.
758 2229 810 2295 Ad
826 2230 1027 2299 bunodnem
1050 2233 1140 2317 ponit
1160 2233 1320 2299 Semlerus

191 2334 334 2419 Judreos,
357 2345 501 2420 tempore
518 2334 642 2416 Christi,
663 2331 874 2419 praejudicatis
897 2331 938 2398 de
955 2334 1080 2418 Massia,
1097 2336 1230 2420 angelis,
1252 2335 1321 2401 dae-

194 2439 356 2523 monibus,
392 2440 504 2505 ultimo
523 2437 647 2525 judicio
669 2460 708 2502 ac
728 2438 971 2522 resurrectione,
998 2439 1201 2524 opinionibus
1223 2441 1320 2506 fuisse

192 2541 352 2608 detentos.
371 2543 463 2607 Jesus
480 2564 590 2628 porro,
609 2563 649 2606 ne
667 2543 791 2606 animos
811 2564 831 2608 a
854 2542 1070 2626 sealienaret,
1089 2543 1138 2607 bis
1162 2545 1321 2629 opinioni·

194 2644 269 2730 bus,
284 2667 366 2733 quas
378 2646 475 2710 ialsas
491 2647 637 2731 apprime
651 2645 781 2728 sciebat,
796 2667 827 2709 se
842 2645 1083 2710 accommodavit.
1103 2647 1213 2732 ltaque
1226 2647 1320 2712 chri-

193 2757 262 2813 stus
283 2751 377 2835 plura
404 2747 507 2841 dixit,
530 2769 603 2834 quae
626 2746 756 2833 quidem
780 2749 813 2811 in
834 2769 868 2812 se
889 2756 963 2813 sunt
986 2747 1083 2831 falsa,
1108 2746 1163 2812 sed
1187 2749 1319 2836 intelligi

192 2847 314 2914 debent
330 2872 388 2936 per
403 2851 713 2924 accommodationem,
732 2851 808 2936 quia
830 2848 933 2932 iesus,
955 2858 991 2912 ut
1006 2849 1040 2912 in
1058 2850 1171 2913 animis
1186 2850 1318 2915 Jndaeo·

193 2973 268 3017 rum
288 2955 413 3018 veriora
441 2973 513 3039 quse
542 2950 736 3037 praedicabat
767 2950 918 3037 dogmata
949 2951 1125 3034 instillaret,
1151 2949 1263 3015 debuit
1283 2974 1317 3016 se

70 3084 74 3091 ·
191 3056 440 3122 accommodare
452 3076 565 3121 eorum
580 3054 793 3142 praejudicatis
804 3053 1019 3139 opinionibus.
1034 3054 1086 3118 Sic
1098 3056 1211 3119 evertit
1222 3055 1318 3119 Sem-

191 3162 280 3224 ierus
297 3162 462 3226 veritatem
479 3160 736 3246 Evangeliorum.
756 3159 863 3241 Quam
880 3158 1032 3223 vacillans
1050 3158 1089 3223 sit
1105 3157 1200 3244 hujus
1216 3168 1317 3245 syste-

191 3263 287 3326 matis
309 3260 567 3345 iundamentum,
589 3281 687 3347 quam
710 3262 891 3346 oppositum
914 3258 1131 3345 predicationi
1156 3259 1268 3325 Christi
1286 3270 1317 3325 et

191 3364 431 3450 Apostolorum,
451 3386 549 3451 quam
566 3362 668 3428 indoli
683 3385 795 3429 eorum
812 3384 993 3450 repugnans
1015 3362 1092 3429 alibi
1111 3360 1316 3429 demonstra-

189 3470 297 3533 vimus
311 3468 372 3554 (ἲ).
1425 3482 1428 3488 ’

236 3571 289 3635 to.
307 3566 474 3635 Etotbora.
494 3569 555 3634 Ubi
568 3579 675 3634 autem
687 3570 767 3633 ratio
781 3570 979 3635 constituitur
990 3591 1159 3655 supremus
1172 3571 1315 3635 omnium

188 3675 480 3738 controversiarum
490 3671 604 3759 judex,
620 3674 724 3737 statim
741 3683 897 3757 exurgunt
912 3680 958 3737 tot
975 3673 1042 3736 iere
1060 3673 1221 3736 sententiae
1239 3681 1315 3757 quot

186 3777 306 3861 capita.
334 3776 496 3847 Eicbborn
518 3776 614 3860 igitur
638 3795 771 3840 cernens
805 3774 978 3839 maximam
1010 3776 1113 3839 inesse
1146 3776 1228 3837 inter
1255 3773 1314 3837 tria

61 3870 64 3875 ’
188 3879 298 3964 priora
325 3878 494 3963 Evangelia
525 3874 803 3961 necessitudinem,
826 3885 861 3941 ut
887 3896 960 3940 eam
986 3875 1171 3958 explicaret,
1196 3893 1315 3936 novam

222 4151 259 4217 (t)
268 4153 363 4204 Eorum
382 4165 481 4203 errores
492 4153 609 4216 exposuit
621 4157 649 4202 et
660 4148 800 4203 confutavit
814 4149 926 4213 Bergier,
945 4147 1032 4200 Trus'tt
1041 4148 1072 4199 de
1082 4148 1109 4198 ta
1123 4148 1194 4200 orote
1205 4147 1315 4213 relictos

183 4243 210 4302 -t,
223 4234 338 4286 vlt-vul.
354 4235 402 4287 Ed.
414 4236 520 4286 tornac.
538 4233 610 4286 1827.
725 4284 727 4289 ,

224 4316 263 4383 (2)
274 4318 331 4369 vid.
344 4318 436 4370 lntrod
446 4332 505 4385 peu.
518 4330 544 4380 p.
557 4317 615 4382 249,
624 4332 682 4383 sqq.
