<?xml version="1.0" encoding="UTF-8"?>
<!DOCTYPE html PUBLIC "-//W3C//DTD XHTML 1.0 Transitional//EN"
    "http://www.w3.org/TR/xhtml1/DTD/xhtml1-transitional.dtd">
<html xmlns="http://www.w3.org/1999/xhtml" xml:lang="en" lang="en">
 <head>
  <title>
</title>
<meta http-equiv="Content-Type" content="text/html;charset=utf-8" />
  <meta name='ocr-system' content='tesseract 3.04.00' />
  <meta name='ocr-capabilities' content='ocr_page ocr_carea ocr_par ocr_line ocrx_word'/>
</head>
<body>
  <div class='ocr_page' id='page_1' title='image "./introductioinsa00lamygoog/introductioinsa00lamygoog_0416.png"; bbox 0 0 3134 4934; ppageno 0'>
   <div class='ocr_carea' id='block_1_1' title="bbox 444 297 1292 361">
    <p class='ocr_par' dir='ltr' id='par_1_1' title="bbox 444 297 1292 361">
     <span class='ocr_line' id='line_1_1' title="bbox 444 297 1292 361; baseline 0.007 -6"><span class='ocrx_word' id='word_1_1' title='bbox 444 312 520 355; x_wconf 70' lang='lat' dir='ltr'><strong>runs</strong></span> <span class='ocrx_word' id='word_1_2' title='bbox 536 312 560 354; x_wconf 88' lang='lat' dir='ltr'><strong>u</strong></span> <span class='ocrx_word' id='word_1_3' title='bbox 576 312 670 355; x_wconf 81' lang='lat' dir='ltr'><strong>csrur</strong></span> <span class='ocrx_word' id='word_1_4' title='bbox 685 313 741 356; x_wconf 84' lang='lat' dir='ltr'><strong>vu.</strong></span> <span class='ocrx_word' id='word_1_5' title='bbox 760 312 799 354; x_wconf 80' lang='lat' dir='ltr'><strong>nu</strong></span> <span class='ocrx_word' id='word_1_6' title='bbox 813 312 1009 357; x_wconf 79' lang='lat' dir='ltr'><strong>srocsnrrsr.</strong></span> <span class='ocrx_word' id='word_1_7' title='bbox 1228 297 1292 361; x_wconf 78' lang='lat'><strong>597</strong></span> 
     </span>
    </p>
   </div>
   <div class='ocr_carea' id='block_1_2' title="bbox 159 410 1293 2018">
    <p class='ocr_par' dir='ltr' id='par_1_2' title="bbox 159 410 1293 912">
     <span class='ocr_line' id='line_1_2' title="bbox 205 410 1293 497; baseline 0.005 -21"><span class='ocrx_word' id='word_1_8' title='bbox 205 413 259 476; x_wconf 78' lang='lat' dir='ltr'><strong>tl.</strong></span> <span class='ocrx_word' id='word_1_9' title='bbox 277 413 315 476; x_wconf 91' lang='lat' dir='ltr'><strong>ln</strong></span> <span class='ocrx_word' id='word_1_10' title='bbox 331 411 466 475; x_wconf 88' lang='lat' dir='ltr'><strong>ecclesia</strong></span> <span class='ocrx_word' id='word_1_11' title='bbox 484 410 699 474; x_wconf 81' lang='lat' dir='ltr'><strong>Palaestinensi</strong></span> <span class='ocrx_word' id='word_1_12' title='bbox 720 410 928 497; x_wconf 81' lang='lat' dir='ltr'><strong>Apocalypsis</strong></span> <span class='ocrx_word' id='word_1_13' title='bbox 948 414 1103 477; x_wconf 89' lang='lat' dir='ltr'><strong>omittitur</strong></span> <span class='ocrx_word' id='word_1_14' title='bbox 1118 415 1150 478; x_wconf 92' lang='lat' dir='ltr'><strong>in</strong></span> <span class='ocrx_word' id='word_1_15' title='bbox 1170 436 1293 481; x_wconf 81' lang='lat' dir='ltr'><strong>canone</strong></span> 
     </span>
     <span class='ocr_line' id='line_1_3' title="bbox 159 512 1293 601; baseline 0.003 -21"><span class='ocrx_word' id='word_1_16' title='bbox 159 517 193 580; x_wconf 88' lang='lat' dir='ltr'><strong>S.</strong></span> <span class='ocrx_word' id='word_1_17' title='bbox 220 515 341 601; x_wconf 72' lang='lat' dir='ltr'><strong>tyrini,</strong></span> <span class='ocrx_word' id='word_1_18' title='bbox 370 512 520 577; x_wconf 83' lang='lat' dir='ltr'><strong>laudatur</strong></span> <span class='ocrx_word' id='word_1_19' title='bbox 539 534 616 577; x_wconf 83' lang='lat' dir='ltr'><strong>vero</strong></span> <span class='ocrx_word' id='word_1_20' title='bbox 631 522 666 578; x_wconf 88' lang='lat' dir='ltr'><strong>ut</strong></span> <span class='ocrx_word' id='word_1_21' title='bbox 682 534 763 598; x_wconf 89' lang='lat' dir='ltr'><strong>opus</strong></span> <span class='ocrx_word' id='word_1_22' title='bbox 786 514 918 587; x_wconf 58' lang='lat' dir='ltr'><strong>loannis</strong></span> <span class='ocrx_word' id='word_1_23' title='bbox 942 517 1116 601; x_wconf 83' lang='lat' dir='ltr'><strong>apostolia</strong></span> <span class='ocrx_word' id='word_1_24' title='bbox 1138 518 1172 582; x_wconf 86' lang='lat' dir='ltr'><strong>S.</strong></span> <span class='ocrx_word' id='word_1_25' title='bbox 1192 520 1293 583; x_wconf 84' lang='lat' dir='ltr'><strong>Pam-</strong></span> 
     </span>
     <span class='ocr_line' id='line_1_4' title="bbox 160 616 1290 705; baseline 0.003 -23"><span class='ocrx_word' id='word_1_26' title='bbox 160 619 271 704; x_wconf 82' lang='lat' dir='ltr'><strong>phylo,</strong></span> <span class='ocrx_word' id='word_1_27' title='bbox 304 617 453 681; x_wconf 82' lang='lat' dir='ltr'><strong>Caesareae</strong></span> <span class='ocrx_word' id='word_1_28' title='bbox 476 617 638 701; x_wconf 83' lang='lat' dir='ltr'><strong>episcopo,</strong></span> <span class='ocrx_word' id='word_1_29' title='bbox 666 624 697 678; x_wconf 88' lang='lat' dir='ltr'><strong>et</strong></span> <span class='ocrx_word' id='word_1_30' title='bbox 721 637 740 679; x_wconf 87' lang='lat' dir='ltr'>a</span> <span class='ocrx_word' id='word_1_31' title='bbox 764 616 798 678; x_wconf 90' lang='lat' dir='ltr'><strong>S.</strong></span> <span class='ocrx_word' id='word_1_32' title='bbox 823 616 1009 702; x_wconf 86' lang='lat' dir='ltr'><strong>Methodio,</strong></span> <span class='ocrx_word' id='word_1_33' title='bbox 1034 620 1105 704; x_wconf 84' lang='lat' dir='ltr'><strong>Tyri</strong></span> <span class='ocrx_word' id='word_1_34' title='bbox 1128 621 1290 705; x_wconf 83' lang='lat' dir='ltr'><strong>antistite3</strong></span> 
     </span>
     <span class='ocr_line' id='line_1_5' title="bbox 160 718 1288 808; baseline 0.004 -24"><span class='ocrx_word' id='word_1_35' title='bbox 160 720 316 784; x_wconf 85' lang='lat' dir='ltr'>Eusebius</span> <span class='ocrx_word' id='word_1_36' title='bbox 332 729 440 784; x_wconf 84' lang='lat' dir='ltr'><strong>autem</strong></span> <span class='ocrx_word' id='word_1_37' title='bbox 456 718 556 782; x_wconf 83' lang='lat' dir='ltr'><strong>refert</strong></span> <span class='ocrx_word' id='word_1_38' title='bbox 572 718 676 785; x_wconf 78' lang='lat' dir='ltr'><strong>verius</strong></span> <span class='ocrx_word' id='word_1_39' title='bbox 692 727 858 783; x_wconf 66' lang='lat' dir='ltr'><strong>auctuum</strong></span> <span class='ocrx_word' id='word_1_40' title='bbox 878 721 1057 806; x_wconf 81' lang='lat' dir='ltr'><strong>opiniones,</strong></span> <span class='ocrx_word' id='word_1_41' title='bbox 1069 724 1141 808; x_wconf 79' lang='lat' dir='ltr'><strong>¹ipsc</strong></span> <span class='ocrx_word' id='word_1_42' title='bbox 1154 724 1207 789; x_wconf 88' lang='lat' dir='ltr'><strong>hic</strong></span> <span class='ocrx_word' id='word_1_43' title='bbox 1222 725 1288 790; x_wconf 92' lang='lat' dir='ltr'><strong>illic</strong></span> 
     </span>
     <span class='ocr_line' id='line_1_6' title="bbox 163 821 1208 912; baseline 0.004 -26"><span class='ocrx_word' id='word_1_44' title='bbox 163 824 321 905; x_wconf 82' lang='lat' dir='ltr'><strong>haesitsns,</strong></span> <span class='ocrx_word' id='word_1_45' title='bbox 340 821 418 886; x_wconf 83' lang='lat' dir='ltr'><strong>alibi</strong></span> <span class='ocrx_word' id='word_1_46' title='bbox 435 841 597 886; x_wconf 78' lang='lat' dir='ltr'><strong>ueroeam</strong></span> <span class='ocrx_word' id='word_1_47' title='bbox 611 831 647 884; x_wconf 89' lang='lat' dir='ltr'><strong>ut</strong></span> <span class='ocrx_word' id='word_1_48' title='bbox 663 830 784 885; x_wconf 84' lang='lat' dir='ltr'><strong>ceteras</strong></span> <span class='ocrx_word' id='word_1_49' title='bbox 799 822 978 908; x_wconf 81' lang='lat' dir='ltr'><strong>Scripturas</strong></span> <span class='ocrx_word' id='word_1_50' title='bbox 991 825 1134 910; x_wconf 83' lang='lat' dir='ltr'><strong>allegans</strong></span> <span class='ocrx_word' id='word_1_51' title='bbox 1148 828 1208 912; x_wconf 75' lang='lat' dir='ltr'><strong>(l).</strong></span> 
     </span>
    </p>

    <p class='ocr_par' dir='ltr' id='par_1_3' title="bbox 161 924 1293 1216">
     <span class='ocr_line' id='line_1_7' title="bbox 206 924 1292 1015; baseline 0.006 -27"><span class='ocrx_word' id='word_1_52' title='bbox 206 927 259 989; x_wconf 80' lang='lat'><strong>15.</strong></span> <span class='ocrx_word' id='word_1_53' title='bbox 289 927 326 988; x_wconf 88' lang='lat' dir='ltr'><strong>In</strong></span> <span class='ocrx_word' id='word_1_54' title='bbox 351 925 486 988; x_wconf 82' lang='lat' dir='ltr'><strong>ecclesia</strong></span> <span class='ocrx_word' id='word_1_55' title='bbox 510 924 710 991; x_wconf 77' lang='lat' dir='ltr'><strong>Antiocheno</strong></span> <span class='ocrx_word' id='word_1_56' title='bbox 745 925 940 1010; x_wconf 84' lang='lat' dir='ltr'><strong>Theophilus</strong></span> <span class='ocrx_word' id='word_1_57' title='bbox 974 948 1047 992; x_wconf 86' lang='lat' dir='ltr'><strong>eam</strong></span> <span class='ocrx_word' id='word_1_58' title='bbox 1074 928 1234 1015; x_wconf 80' lang='lat' dir='ltr'><strong>admittit3</strong></span> <span class='ocrx_word' id='word_1_59' title='bbox 1259 933 1292 995; x_wconf 91' lang='lat' dir='ltr'><strong>in</strong></span> 
     </span>
     <span class='ocr_line' id='line_1_8' title="bbox 161 1027 1293 1119; baseline 0.003 -25"><span class='ocrx_word' id='word_1_60' title='bbox 161 1030 265 1116; x_wconf 79' lang='lat' dir='ltr'><strong>Cypro</strong></span> <span class='ocrx_word' id='word_1_61' title='bbox 279 1028 477 1114; x_wconf 83' lang='lat' dir='ltr'><strong>Epiphanius</strong></span> <span class='ocrx_word' id='word_1_62' title='bbox 492 1027 583 1090; x_wconf 87' lang='lat' dir='ltr'><strong>illam</strong></span> <span class='ocrx_word' id='word_1_63' title='bbox 603 1029 636 1091; x_wconf 90' lang='lat' dir='ltr'><strong>in</strong></span> <span class='ocrx_word' id='word_1_64' title='bbox 657 1047 780 1090; x_wconf 84' lang='lat' dir='ltr'><strong>canone</strong></span> <span class='ocrx_word' id='word_1_65' title='bbox 798 1039 946 1093; x_wconf 86' lang='lat' dir='ltr'><strong>numerat</strong></span> <span class='ocrx_word' id='word_1_66' title='bbox 966 1040 997 1094; x_wconf 92' lang='lat' dir='ltr'><strong>ct</strong></span> <span class='ocrx_word' id='word_1_67' title='bbox 1013 1031 1157 1096; x_wconf 80' lang='lat' dir='ltr'><strong>confutat</strong></span> <span class='ocrx_word' id='word_1_68' title='bbox 1173 1033 1293 1119; x_wconf 85' lang='lat' dir='ltr'><strong>Alogos</strong></span> 
     </span>
     <span class='ocr_line' id='line_1_9' title="bbox 164 1129 509 1216; baseline -0.009 -21"><span class='ocrx_word' id='word_1_69' title='bbox 164 1153 237 1196; x_wconf 81' lang='lat' dir='ltr'><strong>enm</strong></span> <span class='ocrx_word' id='word_1_70' title='bbox 252 1129 432 1216; x_wconf 82' lang='lat' dir='ltr'><strong>rejicientes</strong></span> <span class='ocrx_word' id='word_1_71' title='bbox 448 1129 509 1215; x_wconf 75' lang='lat'><strong>(2).</strong></span> 
     </span>
    </p>

    <p class='ocr_par' dir='ltr' id='par_1_4' title="bbox 159 1232 1293 1832">
     <span class='ocr_line' id='line_1_10' title="bbox 208 1232 1292 1324; baseline 0.006 -28"><span class='ocrx_word' id='word_1_72' title='bbox 208 1235 259 1297; x_wconf 82' lang='lat' dir='ltr'><strong>lo.</strong></span> <span class='ocrx_word' id='word_1_73' title='bbox 288 1234 325 1296; x_wconf 89' lang='lat' dir='ltr'><strong>ln</strong></span> <span class='ocrx_word' id='word_1_74' title='bbox 351 1233 438 1315; x_wconf 83' lang='lat' dir='ltr'><strong>Asia,</strong></span> <span class='ocrx_word' id='word_1_75' title='bbox 462 1232 637 1317; x_wconf 83' lang='lat' dir='ltr'><strong>praesertim</strong></span> <span class='ocrx_word' id='word_1_76' title='bbox 660 1233 693 1296; x_wconf 90' lang='lat' dir='ltr'><strong>in</strong></span> <span class='ocrx_word' id='word_1_77' title='bbox 709 1233 746 1296; x_wconf 90' lang='lat' dir='ltr'><strong>iis</strong></span> <span class='ocrx_word' id='word_1_78' title='bbox 761 1234 913 1316; x_wconf 83' lang='lat' dir='ltr'><strong>eeclesiis,</strong></span> <span class='ocrx_word' id='word_1_79' title='bbox 929 1233 972 1297; x_wconf 81' lang='lat' dir='ltr'><strong>ad</strong></span> <span class='ocrx_word' id='word_1_80' title='bbox 990 1257 1069 1321; x_wconf 87' lang='lat' dir='ltr'><strong>quas</strong></span> <span class='ocrx_word' id='word_1_81' title='bbox 1085 1236 1292 1324; x_wconf 82' lang='lat' dir='ltr'><strong>Apocalypsis</strong></span> 
     </span>
     <span class='ocr_line' id='line_1_11' title="bbox 161 1331 1292 1420; baseline 0.004 -22"><span class='ocrx_word' id='word_1_82' title='bbox 161 1333 284 1409; x_wconf 83' lang='lat' dir='ltr'><strong>directa</strong></span> <span class='ocrx_word' id='word_1_83' title='bbox 313 1334 384 1418; x_wconf 86' lang='lat' dir='ltr'><strong>iuit,</strong></span> <span class='ocrx_word' id='word_1_84' title='bbox 411 1334 495 1397; x_wconf 92' lang='lat' dir='ltr'><strong>illius</strong></span> <span class='ocrx_word' id='word_1_85' title='bbox 513 1331 661 1397; x_wconf 82' lang='lat' dir='ltr'><strong>divinitas</strong></span> <span class='ocrx_word' id='word_1_86' title='bbox 678 1334 783 1397; x_wconf 85' lang='lat' dir='ltr'><strong>statim</strong></span> <span class='ocrx_word' id='word_1_87' title='bbox 810 1334 853 1398; x_wconf 84' lang='lat' dir='ltr'><strong>oh</strong></span> <span class='ocrx_word' id='word_1_88' title='bbox 879 1335 967 1398; x_wconf 89' lang='lat' dir='ltr'><strong>initio</strong></span> <span class='ocrx_word' id='word_1_89' title='bbox 994 1335 1166 1420; x_wconf 80' lang='lat' dir='ltr'><strong>praedicata</strong></span> <span class='ocrx_word' id='word_1_90' title='bbox 1190 1338 1292 1402; x_wconf 81' lang='lat' dir='ltr'><strong>fuito</strong></span> 
     </span>
     <span class='ocr_line' id='line_1_12' title="bbox 161 1436 1293 1525; baseline 0.004 -25"><span class='ocrx_word' id='word_1_91' title='bbox 161 1437 195 1500; x_wconf 89' lang='lat' dir='ltr'><strong>S.</strong></span> <span class='ocrx_word' id='word_1_92' title='bbox 213 1437 336 1500; x_wconf 89' lang='lat' dir='ltr'><strong>Juslino</strong></span> <span class='ocrx_word' id='word_1_93' title='bbox 360 1436 393 1500; x_wconf 91' lang='lat' dir='ltr'><strong>in</strong></span> <span class='ocrx_word' id='word_1_94' title='bbox 416 1436 550 1520; x_wconf 81' lang='lat' dir='ltr'><strong>Dialogo</strong></span> <span class='ocrx_word' id='word_1_95' title='bbox 575 1457 672 1521; x_wconf 90' lang='lat' dir='ltr'><strong>quem</strong></span> <span class='ocrx_word' id='word_1_96' title='bbox 689 1437 814 1521; x_wconf 88' lang='lat' dir='ltr'><strong>Epheso</strong></span> <span class='ocrx_word' id='word_1_97' title='bbox 832 1436 945 1501; x_wconf 87' lang='lat' dir='ltr'><strong>hahuit</strong></span> <span class='ocrx_word' id='word_1_98' title='bbox 964 1458 1037 1502; x_wconf 89' lang='lat' dir='ltr'><strong>cum</strong></span> <span class='ocrx_word' id='word_1_99' title='bbox 1054 1440 1226 1525; x_wconf 87' lang='lat' dir='ltr'><strong>Triphone,</strong></span> <span class='ocrx_word' id='word_1_100' title='bbox 1250 1440 1293 1504; x_wconf 78' lang='lat' dir='ltr'><strong>ab</strong></span> 
     </span>
     <span class='ocr_line' id='line_1_13' title="bbox 160 1539 1293 1628; baseline -0.001 -21"><span class='ocrx_word' id='word_1_101' title='bbox 160 1540 346 1625; x_wconf 83' lang='lat' dir='ltr'><strong>Apollonio,</strong></span> <span class='ocrx_word' id='word_1_102' title='bbox 368 1539 516 1624; x_wconf 80' lang='lat' dir='ltr'><strong>uPapin,</strong></span> <span class='ocrx_word' id='word_1_103' title='bbox 535 1561 555 1602; x_wconf 84' lang='lat' dir='ltr'>a</span> <span class='ocrx_word' id='word_1_104' title='bbox 573 1539 605 1602; x_wconf 91' lang='lat' dir='ltr'><strong>S.</strong></span> <span class='ocrx_word' id='word_1_105' title='bbox 622 1539 783 1623; x_wconf 89' lang='lat' dir='ltr'><strong>Melitone,</strong></span> <span class='ocrx_word' id='word_1_106' title='bbox 802 1540 911 1605; x_wconf 84' lang='lat' dir='ltr'><strong>Sardis</strong></span> <span class='ocrx_word' id='word_1_107' title='bbox 935 1543 1097 1628; x_wconf 81' lang='lat' dir='ltr'><strong>episcopo,</strong></span> <span class='ocrx_word' id='word_1_108' title='bbox 1119 1553 1151 1608; x_wconf 90' lang='lat' dir='ltr'><strong>et</strong></span> <span class='ocrx_word' id='word_1_109' title='bbox 1165 1543 1207 1607; x_wconf 87' lang='lat' dir='ltr'><strong>ab</strong></span> <span class='ocrx_word' id='word_1_110' title='bbox 1223 1544 1293 1607; x_wconf 85' lang='lat' dir='ltr'><strong>aliis</strong></span> 
     </span>
     <span class='ocr_line' id='line_1_14' title="bbox 161 1645 1293 1732; baseline 0 -23"><span class='ocrx_word' id='word_1_111' title='bbox 161 1648 218 1732; x_wconf 91' lang='lat' dir='ltr'><strong>qui</strong></span> <span class='ocrx_word' id='word_1_112' title='bbox 243 1654 351 1730; x_wconf 82' lang='lat' dir='ltr'><strong>postea</strong></span> <span class='ocrx_word' id='word_1_113' title='bbox 379 1645 478 1709; x_wconf 88' lang='lat' dir='ltr'><strong>secuti</strong></span> <span class='ocrx_word' id='word_1_114' title='bbox 503 1653 588 1708; x_wconf 88' lang='lat' dir='ltr'><strong>sunt.</strong></span> <span class='ocrx_word' id='word_1_115' title='bbox 609 1645 754 1729; x_wconf 89' lang='lat' dir='ltr'><strong>Denique</strong></span> <span class='ocrx_word' id='word_1_116' title='bbox 779 1645 810 1707; x_wconf 90' lang='lat' dir='ltr'><strong>in</strong></span> <span class='ocrx_word' id='word_1_117' title='bbox 839 1645 973 1709; x_wconf 85' lang='lat' dir='ltr'><strong>ecclesia</strong></span> <span class='ocrx_word' id='word_1_118' title='bbox 990 1645 1130 1730; x_wconf 84' lang='lat' dir='ltr'><strong>Syriaca,</strong></span> <span class='ocrx_word' id='word_1_119' title='bbox 1146 1647 1293 1731; x_wconf 83' lang='lat' dir='ltr'><strong>quamvis</strong></span> 
     </span>
     <span class='ocr_line' id='line_1_15' title="bbox 159 1744 1246 1832; baseline -0.003 -20"><span class='ocrx_word' id='word_1_120' title='bbox 159 1748 286 1812; x_wconf 85' lang='lat' dir='ltr'><strong>deesset</strong></span> <span class='ocrx_word' id='word_1_121' title='bbox 302 1750 334 1811; x_wconf 87' lang='lat' dir='ltr'><strong>in</strong></span> <span class='ocrx_word' id='word_1_122' title='bbox 350 1748 497 1812; x_wconf 83' lang='lat' dir='ltr'><strong>versione</strong></span> <span class='ocrx_word' id='word_1_123' title='bbox 514 1747 669 1831; x_wconf 87' lang='lat' dir='ltr'><strong>Simplici,</strong></span> <span class='ocrx_word' id='word_1_124' title='bbox 689 1744 821 1810; x_wconf 84' lang='lat' dir='ltr'><strong>laudata</strong></span> <span class='ocrx_word' id='word_1_125' title='bbox 837 1746 897 1809; x_wconf 85' lang='lat' dir='ltr'><strong>fuit</strong></span> <span class='ocrx_word' id='word_1_126' title='bbox 915 1768 933 1809; x_wconf 80' lang='lat' dir='ltr'>a</span> <span class='ocrx_word' id='word_1_127' title='bbox 949 1746 982 1808; x_wconf 90' lang='lat' dir='ltr'><strong>S.</strong></span> <span class='ocrx_word' id='word_1_128' title='bbox 1001 1746 1171 1830; x_wconf 87' lang='lat' dir='ltr'><strong>Ephraemo</strong></span> <span class='ocrx_word' id='word_1_129' title='bbox 1187 1747 1246 1832; x_wconf 64' lang='lat'><strong>(5).</strong></span> 
     </span>
    </p>

    <p class='ocr_par' dir='ltr' id='par_1_5' title="bbox 159 1847 1292 2018">
     <span class='ocr_line' id='line_1_16' title="bbox 205 1847 1292 1935; baseline -0.002 -21"><span class='ocrx_word' id='word_1_130' title='bbox 205 1853 251 1914; x_wconf 81' lang='lat' dir='ltr'><strong>Ex</strong></span> <span class='ocrx_word' id='word_1_131' title='bbox 263 1851 312 1914; x_wconf 93' lang='lat' dir='ltr'><strong>his</strong></span> <span class='ocrx_word' id='word_1_132' title='bbox 328 1849 476 1915; x_wconf 87' lang='lat' dir='ltr'><strong>omnibus</strong></span> <span class='ocrx_word' id='word_1_133' title='bbox 501 1858 549 1915; x_wconf 83' lang='lat' dir='ltr'><strong>sot</strong></span> <span class='ocrx_word' id='word_1_134' title='bbox 572 1847 829 1933; x_wconf 89' lang='lat' dir='ltr'><strong>sufficicnterque</strong></span> <span class='ocrx_word' id='word_1_135' title='bbox 846 1857 933 1933; x_wconf 83' lang='lat' dir='ltr'><strong>patet</strong></span> <span class='ocrx_word' id='word_1_136' title='bbox 953 1848 1144 1935; x_wconf 79' lang='lat' dir='ltr'><strong>Apocalysiu</strong></span> <span class='ocrx_word' id='word_1_137' title='bbox 1160 1850 1292 1913; x_wconf 79' lang='lat' dir='ltr'><strong>loannis</strong></span> 
     </span>
     <span class='ocr_line' id='line_1_17' title="bbox 159 1954 448 2018; baseline -0.003 0"><span class='ocrx_word' id='word_1_138' title='bbox 159 1954 351 2018; x_wconf 83' lang='lat' dir='ltr'><strong>canonicam</strong></span> <span class='ocrx_word' id='word_1_139' title='bbox 369 1975 448 2017; x_wconf 85' lang='lat' dir='ltr'><strong>esse.</strong></span> 
     </span>
    </p>
   </div>
   <div class='ocr_carea' id='block_1_3' title="bbox 158 2172 1291 2483">
    <p class='ocr_par' dir='ltr' id='par_1_6' title="bbox 158 2172 1289 2403">
     <span class='ocr_line' id='line_1_18' title="bbox 193 2172 1288 2239; baseline -0.003 -15"><span class='ocrx_word' id='word_1_140' title='bbox 193 2175 202 2226; x_wconf 88' lang='lat' dir='ltr'><strong>l</strong></span> <span class='ocrx_word' id='word_1_141' title='bbox 207 2175 229 2237; x_wconf 87' lang='grc' dir='ltr'><strong>Ι)</strong></span> <span class='ocrx_word' id='word_1_142' title='bbox 243 2174 406 2237; x_wconf 78' lang='lat' dir='ltr'><strong>Pamphylos,</strong></span> <span class='ocrx_word' id='word_1_143' title='bbox 418 2173 495 2239; x_wconf 83' lang='lat' dir='ltr'><strong>Apol.</strong></span> <span class='ocrx_word' id='word_1_144' title='bbox 514 2189 562 2238; x_wconf 89' lang='lat' dir='ltr'><strong>pro</strong></span> <span class='ocrx_word' id='word_1_145' title='bbox 582 2174 654 2239; x_wconf 64' lang='grc' dir='ltr'><strong>Θήῃ.</strong></span> <span class='ocrx_word' id='word_1_146' title='bbox 676 2175 743 2238; x_wconf 87' lang='lat' dir='ltr'><strong>Opp.</strong></span> <span class='ocrx_word' id='word_1_147' title='bbox 757 2173 831 2239; x_wconf 67' lang='grc' dir='ltr'><strong>Θήρ.</strong></span> <span class='ocrx_word' id='word_1_148' title='bbox 849 2182 869 2225; x_wconf 92' lang='lat' dir='ltr'><strong>t.</strong></span> <span class='ocrx_word' id='word_1_149' title='bbox 883 2173 924 2235; x_wconf 85' lang='lat' dir='ltr'><strong>lv,</strong></span> <span class='ocrx_word' id='word_1_150' title='bbox 940 2172 990 2232; x_wconf 76' lang='lat'><strong>593</strong></span> <span class='ocrx_word' id='word_1_151' title='bbox 1008 2172 1161 2231; x_wconf 82' lang='lat' dir='ltr'><strong>llethodius,</strong></span> <span class='ocrx_word' id='word_1_152' title='bbox 1180 2172 1288 2225; x_wconf 77' lang='lat' dir='ltr'><strong>concio.</strong></span> 
     </span>
     <span class='ocr_line' id='line_1_19' title="bbox 164 2252 1289 2324; baseline -0.003 -17"><span class='ocrx_word' id='word_1_153' title='bbox 164 2257 237 2321; x_wconf 76' lang='lat' dir='ltr'><strong>l&#39;irp.</strong></span> <span class='ocrx_word' id='word_1_154' title='bbox 250 2256 270 2319; x_wconf 88' lang='grc' dir='ltr'><strong>Ι,</strong></span> <span class='ocrx_word' id='word_1_155' title='bbox 284 2257 309 2319; x_wconf 77' lang='lat' dir='ltr'><strong>t;</strong></span> <span class='ocrx_word' id='word_1_156' title='bbox 326 2257 356 2318; x_wconf 90' lang='lat' dir='ltr'><strong>ll,</strong></span> <span class='ocrx_word' id='word_1_157' title='bbox 374 2258 399 2315; x_wconf 84' lang='lat'><strong>8;</strong></span> <span class='ocrx_word' id='word_1_158' title='bbox 413 2255 453 2317; x_wconf 86' lang='lat' dir='ltr'><strong>Vl,</strong></span> <span class='ocrx_word' id='word_1_159' title='bbox 464 2257 489 2314; x_wconf 79' lang='lat' dir='ltr'><strong>o,</strong></span> <span class='ocrx_word' id='word_1_160' title='bbox 509 2256 549 2319; x_wconf 73' lang='lat'><strong>133</strong></span> <span class='ocrx_word' id='word_1_161' title='bbox 562 2254 624 2317; x_wconf 80' lang='lat' dir='ltr'><strong>llll,</strong></span> <span class='ocrx_word' id='word_1_162' title='bbox 644 2256 669 2312; x_wconf 82' lang='grc' dir='ltr'><strong>Ι;</strong></span> <span class='ocrx_word' id='word_1_163' title='bbox 683 2256 718 2306; x_wconf 80' lang='lat' dir='ltr'><strong>De</strong></span> <span class='ocrx_word' id='word_1_164' title='bbox 733 2269 834 2324; x_wconf 68' lang='lat' dir='ltr'><strong>resurr,</strong></span> <span class='ocrx_word' id='word_1_165' title='bbox 852 2255 877 2315; x_wconf 75' lang='lat'><strong>93</strong></span> <span class='ocrx_word' id='word_1_166' title='bbox 897 2255 1002 2317; x_wconf 69' lang='lat' dir='ltr'><strong>Euseb„</strong></span> <span class='ocrx_word' id='word_1_167' title='bbox 1020 2257 1086 2305; x_wconf 78' lang='lat' dir='ltr'><strong>llisl.</strong></span> <span class='ocrx_word' id='word_1_168' title='bbox 1104 2253 1176 2306; x_wconf 78' lang='lat' dir='ltr'><strong>Eccl.</strong></span> <span class='ocrx_word' id='word_1_169' title='bbox 1189 2252 1232 2315; x_wconf 92' lang='grc' dir='ltr'><strong>ΙΙΙ,</strong></span> <span class='ocrx_word' id='word_1_170' title='bbox 1249 2255 1289 2314; x_wconf 79' lang='lat' dir='ltr'><strong>lt,</strong></span> 
     </span>
     <span class='ocr_line' id='line_1_20' title="bbox 158 2338 889 2403; baseline -0.003 -12"><span class='ocrx_word' id='word_1_171' title='bbox 158 2341 202 2400; x_wconf 73' lang='lat'><strong>24,</strong></span> <span class='ocrx_word' id='word_1_172' title='bbox 215 2340 256 2400; x_wconf 71' lang='lat'><strong>25,</strong></span> <span class='ocrx_word' id='word_1_173' title='bbox 269 2339 311 2400; x_wconf 75' lang='lat'><strong>29,</strong></span> <span class='ocrx_word' id='word_1_174' title='bbox 325 2340 366 2398; x_wconf 72' lang='lat'><strong>393</strong></span> <span class='ocrx_word' id='word_1_175' title='bbox 380 2338 526 2389; x_wconf 72' lang='lat' dir='ltr'><strong>Densonstr.</strong></span> <span class='ocrx_word' id='word_1_176' title='bbox 538 2339 639 2403; x_wconf 73' lang='lat' dir='ltr'><strong>Evaop.</strong></span> <span class='ocrx_word' id='word_1_177' title='bbox 654 2338 717 2400; x_wconf 83' lang='lat' dir='ltr'><strong>Vlll,</strong></span> <span class='ocrx_word' id='word_1_178' title='bbox 729 2353 755 2402; x_wconf 89' lang='lat' dir='ltr'><strong>p.</strong></span> <span class='ocrx_word' id='word_1_179' title='bbox 769 2338 827 2401; x_wconf 73' lang='grc'><strong>566,</strong></span> <span class='ocrx_word' id='word_1_180' title='bbox 841 2347 889 2389; x_wconf 85' lang='lat' dir='ltr'><strong>etc.</strong></span> 
     </span>
    </p>

    <p class='ocr_par' dir='ltr' id='par_1_7' title="bbox 193 2417 1291 2483">
     <span class='ocr_line' id='line_1_21' title="bbox 193 2417 1291 2483; baseline -0.002 -13"><span class='ocrx_word' id='word_1_181' title='bbox 193 2421 228 2483; x_wconf 64' lang='grc' dir='ltr'><strong>(Ι)</strong></span> <span class='ocrx_word' id='word_1_182' title='bbox 245 2420 399 2483; x_wconf 83' lang='lat' dir='ltr'><strong>Theophilus</strong></span> <span class='ocrx_word' id='word_1_183' title='bbox 416 2433 458 2483; x_wconf 85' lang='lat' dir='ltr'><strong>ap.</strong></span> <span class='ocrx_word' id='word_1_184' title='bbox 484 2419 590 2480; x_wconf 71' lang='lat' dir='ltr'><strong>Eusch,</strong></span> <span class='ocrx_word' id='word_1_185' title='bbox 607 2420 673 2470; x_wconf 83' lang='lat' dir='ltr'><strong>llist.</strong></span> <span class='ocrx_word' id='word_1_186' title='bbox 694 2420 764 2472; x_wconf 84' lang='lat' dir='ltr'><strong>Eccl.</strong></span> <span class='ocrx_word' id='word_1_187' title='bbox 790 2420 830 2481; x_wconf 83' lang='lat' dir='ltr'><strong>lv,</strong></span> <span class='ocrx_word' id='word_1_188' title='bbox 849 2418 897 2483; x_wconf 58' lang='grc' dir='ltr'><strong>ἳΙς</strong></span> <span class='ocrx_word' id='word_1_189' title='bbox 918 2419 1052 2483; x_wconf 69' lang='lat' dir='ltr'><strong>Epiphsn„</strong></span> <span class='ocrx_word' id='word_1_190' title='bbox 1069 2420 1142 2470; x_wconf 69' lang='lat' dir='ltr'><strong>Her.</strong></span> <span class='ocrx_word' id='word_1_191' title='bbox 1161 2417 1191 2468; x_wconf 78' lang='lat' dir='ltr'><strong>ol</strong></span> <span class='ocrx_word' id='word_1_192' title='bbox 1211 2423 1239 2468; x_wconf 88' lang='lat' dir='ltr'><strong>et</strong></span> <span class='ocrx_word' id='word_1_193' title='bbox 1258 2417 1291 2469; x_wconf 76' lang='lat' dir='ltr'><strong>lo</strong></span> 
     </span>
    </p>
   </div>
   <div class='ocr_carea' id='block_1_4' title="bbox 158 2504 1291 3144">
    <p class='ocr_par' dir='ltr' id='par_1_8' title="bbox 158 2504 258 2566">
     <span class='ocr_line' id='line_1_22' title="bbox 158 2504 258 2566; baseline 0 -13"><span class='ocrx_word' id='word_1_194' title='bbox 158 2516 214 2566; x_wconf 78' lang='lat' dir='ltr'><strong>cop.</strong></span> <span class='ocrx_word' id='word_1_195' title='bbox 233 2504 258 2554; x_wconf 80' lang='lat'><strong>5.</strong></span> 
     </span>
    </p>

    <p class='ocr_par' dir='ltr' id='par_1_9' title="bbox 158 2583 1291 3144">
     <span class='ocr_line' id='line_1_23' title="bbox 193 2583 1288 2650; baseline -0.004 -14"><span class='ocrx_word' id='word_1_196' title='bbox 193 2586 228 2650; x_wconf 82' lang='lat'><strong>(5)</strong></span> <span class='ocrx_word' id='word_1_197' title='bbox 242 2586 346 2646; x_wconf 68' lang='lat' dir='ltr'><strong>lustin„</strong></span> <span class='ocrx_word' id='word_1_198' title='bbox 362 2584 439 2646; x_wconf 71' lang='lat' dir='ltr'><strong>olel„</strong></span> <span class='ocrx_word' id='word_1_199' title='bbox 457 2598 516 2634; x_wconf 83' lang='lat' dir='ltr'><strong>eum</strong></span> <span class='ocrx_word' id='word_1_200' title='bbox 529 2583 617 2649; x_wconf 78' lang='lat' dir='ltr'><strong>Triph.</strong></span> <span class='ocrx_word' id='word_1_201' title='bbox 631 2598 655 2648; x_wconf 89' lang='lat' dir='ltr'><strong>p.</strong></span> <span class='ocrx_word' id='word_1_202' title='bbox 669 2584 728 2649; x_wconf 76' lang='lat'><strong>5083</strong></span> <span class='ocrx_word' id='word_1_203' title='bbox 742 2599 767 2634; x_wconf 92' lang='lat' dir='ltr'><strong>n.</strong></span> <span class='ocrx_word' id='word_1_204' title='bbox 780 2585 809 2635; x_wconf 89' lang='lat' dir='ltr'><strong>8l</strong></span> <span class='ocrx_word' id='word_1_205' title='bbox 828 2583 942 2648; x_wconf 77' lang='lat' dir='ltr'><strong>hpollon.</strong></span> <span class='ocrx_word' id='word_1_206' title='bbox 955 2597 996 2647; x_wconf 80' lang='lat' dir='ltr'><strong>ap.</strong></span> <span class='ocrx_word' id='word_1_207' title='bbox 1015 2585 1121 2645; x_wconf 75' lang='lat' dir='ltr'><strong>Enoch..</strong></span> <span class='ocrx_word' id='word_1_208' title='bbox 1139 2587 1204 2636; x_wconf 79' lang='lat' dir='ltr'><strong>lltst.</strong></span> <span class='ocrx_word' id='word_1_209' title='bbox 1217 2584 1288 2636; x_wconf 78' lang='lat' dir='ltr'><strong>Eccl.</strong></span> 
     </span>
     <span class='ocr_line' id='line_1_24' title="bbox 158 2667 1291 2732; baseline -0.004 -12"><span class='ocrx_word' id='word_1_210' title='bbox 158 2670 190 2730; x_wconf 86' lang='lat' dir='ltr'><strong>V,</strong></span> <span class='ocrx_word' id='word_1_211' title='bbox 201 2671 242 2728; x_wconf 83' lang='lat'><strong>18;</strong></span> <span class='ocrx_word' id='word_1_212' title='bbox 260 2670 349 2732; x_wconf 81' lang='lat' dir='ltr'><strong>Papias</strong></span> <span class='ocrx_word' id='word_1_213' title='bbox 359 2683 399 2732; x_wconf 80' lang='lat' dir='ltr'><strong>ap.</strong></span> <span class='ocrx_word' id='word_1_214' title='bbox 411 2667 569 2730; x_wconf 84' lang='lat' dir='ltr'><strong>lllrchholnr,</strong></span> <span class='ocrx_word' id='word_1_215' title='bbox 584 2667 834 2732; x_wconf 76' lang='lat' dir='ltr'><strong>Quollsosammluop</strong></span> <span class='ocrx_word' id='word_1_216' title='bbox 848 2680 873 2730; x_wconf 88' lang='lat' dir='ltr'><strong>p.</strong></span> <span class='ocrx_word' id='word_1_217' title='bbox 890 2668 947 2728; x_wconf 79' lang='grc'><strong>566,</strong></span> <span class='ocrx_word' id='word_1_218' title='bbox 960 2667 1045 2719; x_wconf 86' lang='lat' dir='ltr'><strong>llelito</strong></span> <span class='ocrx_word' id='word_1_219' title='bbox 1058 2668 1084 2717; x_wconf 86' lang='lat' dir='ltr'><strong>in</strong></span> <span class='ocrx_word' id='word_1_220' title='bbox 1103 2667 1179 2718; x_wconf 78' lang='lat' dir='ltr'><strong>Clooi</strong></span> <span class='ocrx_word' id='word_1_221' title='bbox 1199 2667 1291 2730; x_wconf 80' lang='lat' dir='ltr'><strong>possim</strong></span> 
     </span>
     <span class='ocr_line' id='line_1_25' title="bbox 158 2748 1290 2815; baseline -0.004 -12"><span class='ocrx_word' id='word_1_222' title='bbox 158 2762 187 2803; x_wconf 85' lang='lat' dir='ltr'><strong>et</strong></span> <span class='ocrx_word' id='word_1_223' title='bbox 205 2766 246 2815; x_wconf 83' lang='lat' dir='ltr'><strong>ap.</strong></span> <span class='ocrx_word' id='word_1_224' title='bbox 263 2752 367 2813; x_wconf 77' lang='lat' dir='ltr'><strong>Enoch,</strong></span> <span class='ocrx_word' id='word_1_225' title='bbox 388 2751 454 2804; x_wconf 82' lang='lat' dir='ltr'><strong>Hist.</strong></span> <span class='ocrx_word' id='word_1_226' title='bbox 471 2750 543 2801; x_wconf 83' lang='lat' dir='ltr'><strong>Eccl.</strong></span> <span class='ocrx_word' id='word_1_227' title='bbox 556 2749 597 2811; x_wconf 87' lang='lat' dir='ltr'><strong>lv,</strong></span> <span class='ocrx_word' id='word_1_228' title='bbox 613 2749 655 2813; x_wconf 74' lang='lat'><strong>263</strong></span> <span class='ocrx_word' id='word_1_229' title='bbox 675 2751 702 2802; x_wconf 82' lang='lat' dir='ltr'><strong>S.</strong></span> <span class='ocrx_word' id='word_1_230' title='bbox 719 2750 878 2811; x_wconf 81' lang='lat' dir='ltr'><strong>Ephraemus,</strong></span> <span class='ocrx_word' id='word_1_231' title='bbox 893 2752 961 2814; x_wconf 81' lang='lat' dir='ltr'><strong>Opp.</strong></span> <span class='ocrx_word' id='word_1_232' title='bbox 979 2750 1040 2813; x_wconf 72' lang='lat' dir='ltr'><strong>Syr.</strong></span> <span class='ocrx_word' id='word_1_233' title='bbox 1059 2748 1103 2810; x_wconf 90' lang='grc' dir='ltr'><strong>ΙΙΙ,</strong></span> <span class='ocrx_word' id='word_1_234' title='bbox 1115 2749 1165 2800; x_wconf 78' lang='grc'><strong>656</strong></span> <span class='ocrx_word' id='word_1_235' title='bbox 1181 2756 1209 2800; x_wconf 86' lang='lat' dir='ltr'><strong>et</strong></span> <span class='ocrx_word' id='word_1_236' title='bbox 1225 2762 1290 2811; x_wconf 82' lang='lat' dir='ltr'><strong>pass.</strong></span> 
     </span>
     <span class='ocr_line' id='line_1_26' title="bbox 162 2830 1291 2897; baseline -0.004 -13"><span class='ocrx_word' id='word_1_237' title='bbox 162 2832 451 2893; x_wconf 63' lang='lat' dir='ltr'><strong>Andrensoessreensis</strong></span> <span class='ocrx_word' id='word_1_238' title='bbox 463 2832 563 2883; x_wconf 83' lang='lat' dir='ltr'><strong>Comm.</strong></span> <span class='ocrx_word' id='word_1_239' title='bbox 582 2831 728 2897; x_wconf 73' lang='lat' dir='ltr'><strong>ioslpocol.</strong></span> <span class='ocrx_word' id='word_1_240' title='bbox 743 2831 844 2882; x_wconf 86' lang='lat' dir='ltr'><strong>Potrol.</strong></span> <span class='ocrx_word' id='word_1_241' title='bbox 861 2844 902 2896; x_wconf 78' lang='lat' dir='ltr'><strong>pr.</strong></span> <span class='ocrx_word' id='word_1_242' title='bbox 918 2830 978 2890; x_wconf 74' lang='lat' dir='ltr'><strong>cv,1;</strong></span> <span class='ocrx_word' id='word_1_243' title='bbox 996 2832 1051 2885; x_wconf 79' lang='lat' dir='ltr'><strong>ait:</strong></span> <span class='ocrx_word' id='word_1_244' title='bbox 1070 2847 1082 2877; x_wconf 73' lang='lat' dir='ltr'><strong>r</strong></span> <span class='ocrx_word' id='word_1_245' title='bbox 1098 2831 1202 2882; x_wconf 77' lang='lat' dir='ltr'><strong>Constat</strong></span> <span class='ocrx_word' id='word_1_246' title='bbox 1218 2843 1291 2880; x_wconf 76' lang='lat' dir='ltr'><strong>rum·</strong></span> 
     </span>
     <span class='ocr_line' id='line_1_27' title="bbox 162 2912 1290 2978; baseline -0.003 -14"><span class='ocrx_word' id='word_1_247' title='bbox 162 2928 214 2978; x_wconf 85' lang='lat' dir='ltr'><strong>que</strong></span> <span class='ocrx_word' id='word_1_248' title='bbox 226 2915 317 2965; x_wconf 77' lang='lat' dir='ltr'><strong>beatos</strong></span> <span class='ocrx_word' id='word_1_249' title='bbox 334 2915 389 2965; x_wconf 88' lang='lat' dir='ltr'><strong>illos</strong></span> <span class='ocrx_word' id='word_1_250' title='bbox 401 2915 466 2964; x_wconf 80' lang='lat' dir='ltr'><strong>siros</strong></span> <span class='ocrx_word' id='word_1_251' title='bbox 481 2919 616 2977; x_wconf 80' lang='lat' dir='ltr'><strong>patresque</strong></span> <span class='ocrx_word' id='word_1_252' title='bbox 630 2920 740 2975; x_wconf 83' lang='lat' dir='ltr'><strong>nostros,</strong></span> <span class='ocrx_word' id='word_1_253' title='bbox 753 2912 902 2976; x_wconf 74' lang='lat' dir='ltr'><strong>Gregortum</strong></span> <span class='ocrx_word' id='word_1_254' title='bbox 916 2914 1082 2977; x_wconf 72' lang='lat' dir='ltr'><strong>theologum,</strong></span> <span class='ocrx_word' id='word_1_255' title='bbox 1095 2913 1218 2976; x_wconf 78' lang='lat' dir='ltr'><strong>cyrillum</strong></span> <span class='ocrx_word' id='word_1_256' title='bbox 1229 2912 1290 2961; x_wconf 74' lang='lat' dir='ltr'><strong>lle·</strong></span> 
     </span>
     <span class='ocr_line' id='line_1_28' title="bbox 160 2984 1289 3060; baseline -0.004 -14"><span class='ocrx_word' id='word_1_257' title='bbox 160 2997 322 3057; x_wconf 66' lang='lat' dir='ltr'><strong>sundrinuu</strong></span> <span class='ocrx_word' id='word_1_258' title='bbox 337 2997 470 3060; x_wconf 82' lang='lat' dir='ltr'><strong>multoque</strong></span> <span class='ocrx_word' id='word_1_259' title='bbox 488 2995 557 3049; x_wconf 79' lang='lat' dir='ltr'><strong>nisce</strong></span> <span class='ocrx_word' id='word_1_260' title='bbox 569 2995 721 3049; x_wconf 75' lang='lat' dir='ltr'><strong>vetustiores</strong></span> <span class='ocrx_word' id='word_1_261' title='bbox 740 2984 852 3057; x_wconf 75' lang='lat' dir='ltr'><strong>Papiam.</strong></span> <span class='ocrx_word' id='word_1_262' title='bbox 868 2995 1001 3057; x_wconf 80' lang='lat' dir='ltr'><strong>lrenaeurn,</strong></span> <span class='ocrx_word' id='word_1_263' title='bbox 1015 2993 1170 3046; x_wconf 75' lang='lat' dir='ltr'><strong>llethoclium</strong></span> <span class='ocrx_word' id='word_1_264' title='bbox 1188 2999 1215 3043; x_wconf 88' lang='lat' dir='ltr'><strong>et</strong></span> <span class='ocrx_word' id='word_1_265' title='bbox 1228 2993 1289 3057; x_wconf 84' lang='lat' dir='ltr'><strong>ilip-</strong></span> 
     </span>
     <span class='ocr_line' id='line_1_29' title="bbox 160 3075 1288 3144; baseline -0.007 -15"><span class='ocrx_word' id='word_1_266' title='bbox 160 3081 274 3144; x_wconf 81' lang='lat' dir='ltr'><strong>polyturn</strong></span> <span class='ocrx_word' id='word_1_267' title='bbox 286 3079 511 3143; x_wconf 79' lang='lat' dir='ltr'><strong>‹lirinumlldeque</strong></span> <span class='ocrx_word' id='word_1_268' title='bbox 522 3080 629 3143; x_wconf 74' lang='lat' dir='ltr'><strong>dignun</strong></span> <span class='ocrx_word' id='word_1_269' title='bbox 641 3080 719 3144; x_wconf 86' lang='lat' dir='ltr'><strong>(hunc</strong></span> <span class='ocrx_word' id='word_1_270' title='bbox 730 3079 824 3129; x_wconf 83' lang='lat' dir='ltr'><strong>librum</strong></span> <span class='ocrx_word' id='word_1_271' title='bbox 838 3078 951 3143; x_wconf 75' lang='lat' dir='ltr'><strong>Apocnl.)</strong></span> <span class='ocrx_word' id='word_1_272' title='bbox 964 3091 1013 3129; x_wconf 91' lang='lat' dir='ltr'><strong>non</strong></span> <span class='ocrx_word' id='word_1_273' title='bbox 1026 3091 1077 3129; x_wconf 89' lang='lat' dir='ltr'><strong>uno</strong></span> <span class='ocrx_word' id='word_1_274' title='bbox 1088 3078 1143 3131; x_wconf 88' lang='lat' dir='ltr'><strong>loco</strong></span> <span class='ocrx_word' id='word_1_275' title='bbox 1151 3075 1261 3128; x_wconf 82' lang='lat' dir='ltr'><strong>tradere.</strong></span> <span class='ocrx_word' id='word_1_276' title='bbox 1276 3091 1288 3121; x_wconf 74' lang='lat' dir='ltr'><strong>s</strong></span> 
     </span>
    </p>
   </div>
   <div class='ocr_carea' id='block_1_5' title="bbox 0 0 1572 4934">
    <p class='ocr_par' dir='ltr' id='par_1_10' title="bbox 0 0 1572 4934">
     <span class='ocr_line' id='line_1_30' title="bbox 0 0 1572 4934; baseline 0 0"><span class='ocrx_word' id='word_1_277' title='bbox 0 0 1572 4934; x_wconf 95' lang='lat' dir='ltr'><strong> </strong></span> 
     </span>
    </p>
   </div>
  </div>
 </body>
</html>
