3168 4948
320 255 395 298 rans
407 254 442 296 n.
458 252 551 295 carm
563 252 610 294 111.
629 251 667 293 nn
680 249 803 294 eamme
814 252 849 293 m
862 251 1019 294 aucrorur.
1035 251 1078 296 iv.
1093 251 1223 296 evinco.
1270 234 1329 298 511

209 353 281 417 talis
309 352 361 417 vel
392 351 461 415 talis
485 349 605 413 sanatio
630 349 817 413 naturaliter
840 350 892 413 vel
913 353 1195 436 supernaturaliter
1222 354 1333 418 effecta

209 456 318 539 luerit,
332 464 364 519 et
379 455 412 517 in
426 454 488 517 hoc
505 474 580 516 casu
596 453 729 516 fortasse
748 452 915 539 consilium
932 451 1132 518 medicorum
1148 456 1208 519 erit
1221 459 1332 542 exqui-

208 556 358 622 rendum.
371 555 433 620 Sed
447 575 651 641 nequaquam
665 553 779 618 exinde
791 556 934 639 sequitur
945 556 1041 619 talem
1055 559 1252 622 sanationem
1265 560 1333 624 fieri

209 660 356 747 dubiam.
378 660 506 725 Constat
521 660 606 722 enim
622 656 662 722 de
681 658 779 740 sacto,
803 659 924 723 sanatio
944 681 1019 723 vera
1043 669 1090 723 est
1107 670 1138 725 et
1157 670 1255 745 certa,
1277 662 1333 727 sed

209 763 372 829 dubitatur
389 760 554 825 dumtaxat
568 758 608 824 de
624 758 732 824 indole
746 759 842 846 hujus
859 763 1041 843 sanationis,
1058 784 1099 827 an
1123 766 1275 829 naturalis
1294 768 1332 830 sit

208 866 260 930 vel
281 862 542 950 supernaturalis,
567 861 731 926 dubitatur
754 861 945 948 quibusnam
965 862 1080 928 mediis
1101 865 1270 931 tribuenda
1295 869 1333 932 sit

209 971 267 1033 ista
280 968 413 1050 sanatio,
429 965 592 1030 dubitatur
605 973 711 1028 utrum
724 964 873 1029 remediis
887 967 1096 1051 naturalibus,
1111 990 1153 1032 an
1166 970 1198 1033 vi
1217 992 1332 1055 super-

209 1071 347 1139 naturali
365 1070 477 1134 effecta
495 1069 601 1132 fuerit.
620 1067 684 1131 Sed
697 1068 821 1132 nullum
838 1080 985 1134 movetur
1002 1069 1136 1135 dubium
1152 1094 1194 1136 an
1210 1076 1332 1139 sanatio

208 1197 321 1260 reapse
333 1173 494 1239 exstiterit.
513 1173 539 1236 E
554 1181 675 1255 contra,
689 1180 863 1258 antequam
878 1170 1013 1236 dubium
1030 1176 1149 1239 oriatur
1165 1174 1206 1240 de
1223 1175 1332 1242 indole

111 1340 113 1345 ⁴
209 1277 348 1343 naturali
360 1277 412 1340 vel
425 1275 660 1360 supernaturali
679 1272 815 1359 alicujus
835 1276 1016 1359 sanationis,
1040 1279 1278 1363 praerequiritur
1298 1292 1332 1343 ut

209 1379 250 1445 de
266 1380 428 1444 sanatione
445 1385 576 1442 constet.
594 1377 667 1441 Jam
682 1398 758 1441 vero
775 1378 980 1462 questionem
997 1400 1082 1442 nunc
1098 1401 1162 1443 non
1175 1382 1332 1465 agitamus

209 1505 283 1549 cum
308 1481 543 1562 Rationalistis,
575 1502 616 1544 an
644 1500 855 1566 quecumque
879 1490 1049 1545 narrantur
1079 1485 1257 1549 sanationes
1283 1488 1332 1550 vel

116 1668 118 1673 ,
209 1585 460 1652 extraordinaria
484 1585 568 1648 facta
590 1585 623 1647 in
648 1583 834 1669 Evangeliis,
847 1585 908 1648 sint
930 1586 1086 1649 miracula
1109 1589 1161 1651 vel
1178 1609 1255 1671 non,
1275 1589 1330 1653 scd

209 1690 394 1775 simpliciter
417 1688 588 1773 quaerimus
614 1708 656 1751 an
678 1687 747 1751 baec
769 1707 845 1749 vera
869 1687 952 1769 sint,
982 1708 1023 1750 an
1050 1689 1214 1753 evenerint
1237 1702 1332 1775 prout

153 1794 156 1799 ⁴
209 1800 390 1880 narrantur.
412 1790 494 1873 Quis
527 1797 635 1853 autem
670 1786 710 1852 de
739 1789 857 1853 haere
881 1786 1015 1852 dubium
1038 1810 1167 1854 movere
1190 1794 1332 1876 poterit?

208 1894 415 1978 Evangelistae
429 1901 561 1956 narrant
574 1891 683 1955 Jesum
700 1889 828 1976 publice
844 1911 952 1954 coram
969 1891 1100 1976 populo,
1120 1892 1228 1957 coram
1245 1897 1331 1979 pha-

209 1996 328 2078 risaeis,
365 2014 473 2060 coram
508 1992 691 2058 doctoribus
723 2002 754 2056 et
777 1993 963 2078 legisperitis
986 1995 1144 2058 sanavisse
1168 1998 1219 2059 vel
1243 1996 1329 2060 nudo

207 2099 307 2163 verbo
331 2098 383 2162 vel
407 2097 541 2182 simplici
562 2105 648 2161 tactu
671 2096 831 2181 leprosos,
864 2094 1012 2178 claudos,
1038 2118 1148 2180 eaecos,
1174 2109 1277 2163 mutos
1301 2111 1331 2163 et

206 2201 320 2266 surdos
334 2224 353 2265 a
366 2199 546 2283 nativitate,
564 2208 696 2262 narrant
708 2200 812 2284 ipsum
826 2199 1035 2284 paralyticum
1047 2200 1080 2262 in
1092 2201 1328 2286 Capharnaum,
1423 2246 1431 2267 i

206 2306 347 2370 infirmos
371 2304 402 2368 in
426 2303 615 2385 Jerusalem,
641 2301 683 2366 ad
706 2303 873 2366 sanitatem
902 2323 1079 2386 revocasse,
1111 2302 1209 2367 filiam
1237 2306 1328 2388 Jai'ri,

206 2409 307 2473 filium
323 2408 454 2471 unicum
470 2403 571 2470 vidua
588 2406 620 2467 in
636 2405 741 2488 Nalm,
760 2405 913 2469 Lazarum
930 2406 962 2468 in
978 2405 1145 2490 Bethania,
1163 2428 1181 2470 a
1198 2412 1331 2474 mortuis

205 2513 369 2592 excitasse,
385 2530 494 2574 eoram
506 2509 613 2571 multis
627 2506 856 2593 cujuscumque
868 2506 1056 2572 conditionis
1068 2510 1210 2574 testibus.
1224 2513 1331 2575 Evan-

205 2614 324 2703 gelistae
339 2613 398 2697 ipsi
416 2612 533 2674 horum
550 2609 707 2674 factorum
723 2619 817 2674 testes
838 2610 979 2694 luerunt,
999 2610 1083 2675 faeta
1103 2612 1163 2696 ipsi
1184 2612 1331 2677 viderunt

145 2789 147 2793 ¹
206 2717 258 2780 vel
271 2737 290 2779 a
304 2714 367 2778 fide
380 2711 483 2798 dignis
495 2722 706 2798 acceperunt5
722 2713 793 2798 quis
806 2712 998 2777 contendere
1011 2713 1142 2778 audebit
1158 2716 1215 2779 ista
1231 2717 1328 2801 facta,

206 2819 283 2904 quia
296 2817 485 2881 miraculosa
499 2823 645 2900 reputata
660 2824 736 2878 tunc
748 2814 791 2878 ab
804 2815 952 2879 omnibus
967 2817 1065 2879 etiam
1081 2818 1242 2900 pharisaeis
1255 2821 1330 2883 fue-

206 2931 292 3003 runt,
318 2942 382 2985 non
405 2921 544 2984 evenisse
568 2928 663 3004 prout
686 2920 892 3004 Evangelistae
916 2918 1070 2982 narrant?
1094 2919 1178 2984 Nihil
1201 2922 1330 2987 interest

205 3047 249 3088 an
264 3024 407 3109 Apostoli
422 3023 613 3087 miraculosa
630 3023 847 3107 reputaverint
870 3021 955 3085 facta
977 3042 1048 3106 que
1068 3022 1214 3087 miraculi
1234 3035 1329 3089 natu-

207 3148 277 3192 ram
291 3149 355 3191 non
370 3126 544 3205 habebant,
564 3126 615 3189 vel
632 3147 673 3188 an
689 3124 843 3209 Apostoli,
861 3133 899 3187 'ut
917 3123 994 3186 olim
1015 3122 1194 3208 philosophi
1212 3128 1329 3210 pagani

206 3230 368 3313 dicebant,
383 3230 528 3294 aChristi
543 3227 706 3313 prestigiis
721 3226 857 3311 decepti,
872 3224 987 3289 divine
999 3226 1146 3311 potentie
1162 3227 1329 3292 tribuerint

207 3356 277 3420 quae
291 3335 349 3398 arti
362 3335 493 3417 magieae
508 3328 678 3396 referenda
691 3339 792 3394 erant.
807 3331 853 3393 De
865 3331 927 3393 hac
941 3350 1073 3394 renunc
1086 3350 1149 3392 non
1165 3333 1326 3416 queritur,

207 3437 359 3522 quaeritur
374 3433 539 3497 dumtaxat
554 3455 596 3496 an
611 3454 688 3496 vera
704 3432 742 3495 sit
758 3452 870 3494 eorum
887 3429 1051 3495 narratio?
1067 3430 1144 3511 Quis
1162 3443 1268 3496 autem
1288 3433 1329 3497 de

207 3538 268 3602 hae
299 3560 333 3600 re
368 3534 515 3599 dubitare
537 3544 639 3619 potest
651 3584 659 3616 ,
686 3542 855 3619 postquam
874 3535 1078 3598 veracitatem
1102 3533 1328 3618 Apostolorum

207 3662 303 3725 supra
342 3637 663 3703 demonstravimus?
705 3638 830 3700 Etenim
870 3637 1026 3701 miracula
1067 3659 1132 3700 non
1171 3637 1328 3704 difficilius

203 3745 401 3830 aspiciuntur
425 3751 455 3804 et
471 3750 644 3806 cernuntur
661 3739 703 3803 ab
721 3740 903 3804 hominibus
922 3761 1019 3826 quam
1037 3761 1248 3826 quecumque
1266 3743 1327 3806 alia

205 3846 302 3910 facta.

249 3949 301 4012 25.
316 3949 415 4012 Instat
427 3957 458 4010 et
474 3946 549 4011 dicit
565 3946 679 4012 Renan
698 3970 705 4009 :
724 3946 867 4032 Apostoli
884 3954 1104 4030 praeconcepta
1122 3943 1194 4008 idea
1210 3946 1328 4009 Massia

207 4051 332 4115 venturi
350 4050 568 4135 miraculaque
585 4050 738 4133 patraturi
756 4047 991 4112 detinebantur.
1011 4048 1111 4111 Porro
1135 4047 1179 4111 sic
1199 4048 1329 4112 ratioci-

208 4152 273 4216 nati
302 4162 399 4215 sunt:
431 4153 557 4216 Messias
581 4162 732 4215 venturus
756 4153 851 4216 saciet
874 4152 1041 4233 miracula,
1061 4150 1149 4236 atqui
1171 4150 1261 4214 lesus
1285 4161 1330 4215 cst

209 4256 349 4338 Messias,
367 4276 442 4341 ergo
465 4256 620 4320 miracula
641 4256 738 4320 saciat
759 4244 887 4320 necesse
912 4263 968 4319 est.
993 4254 1063 4318 Hoc
1088 4253 1250 4318 ratiocinio
1269 4252 1324 4318 de-
