3168 4948
309 329 384 372 PARS
398 330 433 372 11.
449 328 542 372 CAPUT
557 330 604 373 111.
620 330 658 372 DE
674 298 845 372 ostentm
857 329 1015 375 sucronlr.
1032 332 1074 376 tv.
1090 331 1218 376 stauos.
1265 307 1336 380 509

203 427 303 512 patris
318 426 386 514 ejus
399 427 459 514 (1).
473 427 543 492 Hac
556 430 651 492 etiam
663 427 704 492 de
717 450 811 493 eausa
824 430 925 492 Maria
936 429 1157 495 Bethleemum
1169 433 1327 516 proticisci

2 514 3 567 l
108 572 111 576 -
204 530 315 595 debuit
344 539 380 594 ut
406 551 480 594 cum
499 531 638 616 Josepho
662 552 779 595 nomen
805 552 898 595 suum
921 532 1143 618 profiteretur,
1177 556 1214 599 eo
1239 537 1326 623 quod

201 633 298 699 ambo
317 642 420 697 essent
440 632 481 697 de
501 632 599 697 domo
617 643 648 697 et
665 633 787 697 familia
802 632 931 720 David(
956 634 979 718 ).

245 738 298 800 18.
325 737 456 800 Instant.
483 737 527 799 2⁰.
555 736 718 799 Mattheus
741 735 840 799 refert
861 735 1059 822 Josephum,
1085 738 1159 803 lesu
1183 761 1202 804 a
1227 745 1329 827 magis

203 841 236 903 in
256 839 422 902 Bethleem
444 837 589 919 adorato,
612 838 733 902 coelitus
753 837 953 903 admonitum
971 840 1087 926 fugisse
1102 843 1135 905 in
1155 845 1327 929 AEgyptum

205 963 278 1006 cum
302 941 423 1005 infante
447 949 479 1004 et
499 941 621 1023 Maria,
646 949 748 1004 matre
771 939 863 1026 ejus;
889 951 1016 1006 mortuo
1038 951 1146 1006 autem
1173 944 1325 1028 Herode,

205 1043 334 1108 rediisse
350 1043 392 1107 ab
412 1044 560 1128 AEgypto,
583 1065 648 1106 nou
666 1045 697 1107 in
712 1024 857 1110 Judaearh
875 1045 949 1130 quia
971 1045 1103 1109 timebat
1120 1046 1326 1130 Archelaum,

206 1147 261 1212 sed
278 1148 311 1210 in
327 1145 502 1229 Galilaeam,
521 1156 551 1210 et
566 1147 689 1210 venisse
707 1147 877 1210 Nazareth.
892 1147 993 1212 Lucas
1009 1169 1085 1212 vero
1106 1151 1204 1214 refert
1219 1152 1327 1215 Jesum

205 1251 310 1314 statim
333 1259 403 1335 post
425 1250 621 1313 nativitatem
645 1270 665 1312 a
688 1248 866 1333 pastoribus
887 1250 984 1313 fuisse
1002 1248 1182 1334 adoratum,
1212 1252 1328 1318 deinde

203 1362 316 1417 octavo
336 1350 386 1415 die
404 1351 639 1433 circumcisum,
660 1360 691 1415 et
707 1352 884 1415 Jerusalem
905 1353 937 1414 iu
954 1355 1073 1437 templo
1090 1367 1325 1438 presentatum,

203 1464 372 1540 postquam
389 1454 509 1539 impleti
528 1463 601 1517 sunt
616 1453 684 1518 dies
695 1455 892 1539 purgationis
908 1456 1024 1519 Mariae.
1041 1456 1082 1520 Ut
1097 1467 1202 1520 autem
1220 1460 1295 1543 perf
1312 1497 1328 1506 ·

205 1567 317 1621 cerunt
339 1566 486 1642 parentes
505 1557 581 1620 Jesu
601 1557 709 1621 omnia
729 1556 905 1621 secundum
925 1558 1030 1642 legem
1050 1559 1188 1641 Domini,
1210 1563 1329 1624 reversi

206 1669 277 1724 sunt
300 1662 333 1723 in
356 1659 520 1725 Galilaeam
549 1660 582 1723 in
613 1660 771 1724 civitatem
796 1681 886 1724 suam
909 1660 1075 1724 Nazareth.
1101 1662 1192 1725 Patet
1214 1663 1328 1727 exinde

207 1762 326 1825 Lucam
349 1782 554 1846 nequaquam
579 1783 669 1846 posse
693 1762 855 1825 conciliari
885 1782 958 1825 eum
981 1762 1140 1826 Matthaeo.
1166 1765 1330 1828 Matthaeus

206 1863 293 1926 enim
305 1861 380 1926 dicit
392 1863 500 1926 lesum
517 1884 556 1925 ex
568 1864 702 1948 AEgypto
720 1860 850 1926 rediisse
866 1863 898 1925 in
911 1863 1077 1943 Nazareth,
1093 1866 1168 1927 etin
1184 1865 1329 1930 Judaeam

207 1966 345 2030 noluisse
360 1966 469 2028 venire
485 1973 614 2050 propter
630 1974 751 2028 metum
767 1964 927 2046 Archelai,
947 1966 1048 2030 Lucas
1064 1987 1139 2030 vero
1157 1968 1201 2030 ait
1220 1970 1328 2032 lesum

206 2089 246 2132 ex
261 2069 438 2133 Jerusalem
456 2068 487 2130 iu
504 2068 657 2130 Nazareth
676 2088 709 2130 se
727 2068 906 2130 contulisse.
924 2068 1057 2130 Prorsus
1073 2088 1149 2152 ergo
1166 2070 1329 2134 Matthaeus

206 2192 281 2234 curn
295 2172 380 2235 Luca
392 2178 524 2254 pugnat.
540 2171 586 2232 Ita
604 2168 758 2233 d'Eichtal
775 2179 805 2233 et
821 2170 886 2233 alii.

250 2275 303 2338 19.
329 2275 419 2359 Resp.
439 2274 512 2336 lam
535 2272 590 2336 diu
609 2274 694 2336 hane
714 2271 932 2337 difficultatem
953 2275 1047 2339 solvit
1066 2274 1258 2358 Augustinus
1281 2276 1328 2360 (5)

203 2381 267 2444 hoc
285 2377 381 2445 modo
400 2379 537 2442 Matthaei
557 2380 771 2441 narrationem
793 2379 826 2441 in
847 2380 939 2442 Lucae
955 2379 1147 2462 expositione
1163 2379 1326 2442 inserens:

206 2507 222 2541 <r
250 2482 423 2566 Postquam
446 2481 656 2544 consummati
680 2490 752 2543 sunt
775 2478 843 2543 dies
866 2490 960 2563 octo,
990 2490 1025 2543 ut
1049 2479 1330 2545 circumcideretur

142 2661 146 2669 ι
204 2605 308 2671 puer,
329 2591 479 2647 vocatum
503 2592 549 2645 est
571 2603 688 2646 nomen
714 2582 782 2667 ejus
806 2584 912 2666 Jesus,
938 2582 1025 2669 quod
1049 2592 1195 2647 vocatum
1219 2594 1264 2647 est
1286 2583 1328 2647 ah

203 2689 318 2772 angelo
339 2688 525 2770 priusquam
548 2686 581 2748 in
604 2693 695 2748 utero
719 2686 939 2770 conciperetur
962 2687 1049 2771 (Luc.
1080 2686 1122 2767 ΙΙ,
1149 2686 1215 2769 at).
1240 2713 1254 2747 ›>
1288 2687 1327 2748 Et

207 2815 222 2849 a
236 2792 318 2854 Ecce
331 2789 414 2873 Magi
426 2788 468 2851 ah
486 2787 613 2851 Oriente
629 2796 785 2851 venerunt
799 2788 1030 2872 lerosolymam
1035 2835 1098 2850 .....
1112 2788 1160 2849 ·Et
1176 2809 1327 2871 responso

204 2901 336 2976 accepto
360 2893 392 2954 in
415 2891 533 2954 somnis
556 2911 596 2952 ne
621 2888 762 2952 redirent
785 2887 827 2952 ad
846 2887 1021 2970 Herodem,
1043 2910 1100 2973 per
1122 2889 1219 2952 aliam
1242 2891 1327 2953 viam

205 2995 323 3058 reversi
345 3002 417 3056 sunt
440 2994 470 3055 in
495 2992 660 3076 regionem
683 3012 773 3054 suam
790 2990 912 3076 (Mottlt.
939 2992 980 3073 ΙΙ,
1004 2990 1111 3074 l-tt).
1135 3017 1150 3051 o
1169 2992 1230 3071 Qui
1254 3013 1327 3054 eum

205 3097 432 3161 recessissent«
451 3103 619 3179 postquam
633 3095 754 3179 impleti
766 3103 839 3157 sunt
850 3092 917 3157 dies
935 3094 1130 3179 purgationis
1150 3095 1325 3158 Mariae.'....

205 3209 236 3263 et
259 3209 294 3262 ut
316 3199 519 3284 perfecerunt
544 3198 651 3260 omnia
674 3194 849 3260 secundum
878 3196 983 3280 legem
1007 3196 1133 3258 Domini
1157 3197 1242 3282 (Luc.
1269 3198 1326 3278 ΙΙ,

205 3303 334 3386 22-59).
350 3328 364 3362 o
382 3327 397 3360 a
412 3302 493 3365 Ecce
506 3302 636 3384 angelus
649 3301 775 3364 Domini
788 3301 937 3384 apparuit
948 3301 981 3362 in
993 3301 1111 3364 somnis
1123 3301 1241 3385 Joseph
1246 3349 1325 3365 ......

204 3415 236 3469 et
247 3407 377 3470 veniens
394 3404 549 3467 habitavit
564 3403 597 3466 in
615 3403 741 3467 civitate
760 3423 830 3487 quae
846 3402 1026 3487 appellatur
1041 3403 1208 3485 Nazareth,
1226 3413 1286 3468 etc.
1311 3430 1325 3461 o

249 3509 301 3571 20.
318 3506 390 3590 Otj.
409 3505 441 3570 5.
457 3505 648 3589 Euangeliou
662 3505 792 3568 historia
805 3505 898 3589 plura
918 3513 1025 3569 narrat
1043 3506 1216 3588 miracula3
1231 3527 1327 3591 porro

204 3610 358 3674 miracula
375 3610 459 3672 lacta
477 3616 548 3670 sunt
568 3607 831 3691 supernaturalia.
851 3608 922 3670 Jam
944 3616 1051 3671 autem
1071 3608 1199 3671 scientia
1219 3609 1327 3671 critica

238 3862 273 3926 (l)
286 3863 345 3913 Luc.
359 3862 379 3924 1,
393 3862 436 3914 52.

237 3943 271 4004 (Ξ)
285 3945 344 3995 Luc.
358 3943 389 4006 ll,
401 3946 453 3996 l-t.
470 3946 522 3997 cfr.
536 3945 639 4006 Euseh.‚
656 3945 723 3996 Hist.
736 3943 807 3997 Eccl.
819 3943 839 4005 l,
851 3945 875 4002 t;
887 3944 981 4008 Quoest.
997 3945 1031 3995 od
1042 3943 1164 4009 Stephon.
1178 3942 1263 4006 l·XIIl;
1275 3944 1328 3993 Au·

203 4026 310 4089 gastim,
323 4027 358 4076 De
368 4026 446 4076 Cous.
465 4028 562 4091 annq.
580 4026 609 4086 ll,
623 4026 683 4082 ll-V;
697 4027 765 4076 llier.
780 4027 809 4075 in
823 4026 916 4075 Mottt.
928 4025 951 4083 l;
963 4027 1068 4076 loannes
1081 4025 1191 4075 Damaso.
1205 4023 1232 4072 in
1247 4024 1329 4074 verbis

203 4118 278 4168 supra
292 4107 374 4156 citatis
391 4108 480 4157 asserit
495 4108 659 4168 toachimum,
677 4109 756 4158 heatae
774 4106 857 4156 Mariae
871 4113 977 4169 patrem,
996 4119 1010 4156 e
1025 4105 1118 4155 Davide
1133 4117 1178 4168 per
1192 4104 1329 4153 Nathanern

203 4187 381 4249 descendisse,
409 4189 540 4252 filiumque
556 4188 633 4239 fuisse
656 4188 852 4250 Barpaotheris,
878 4187 922 4250 qui
938 4194 1034 4250 patrem
1052 4186 1140 4237 hahuit
1157 4184 1329 4237 Pantherenrr

204 4268 292 4319 Melchl
305 4268 409 4320 tratrem
424 4277 451 4320 et
462 4271 522 4320 Levi
535 4271 624 4322 filium.

238 4350 273 4417 (5)
284 4350 321 4402 De
334 4352 468 4404 consensu
482 4353 547 4404 Eoo.
559 4353 578 4404 l.
593 4352 624 4417 ll,
639 4353 669 4416 V,
685 4353 772 4404 lt-lr.

1146 4433 1198 4496 14.
