3132 4964
386 318 460 361 rsus
475 320 497 363 1.
512 318 605 360 curus
620 319 672 360 xx.
693 317 922 361 ns-rnornnrns
936 318 1085 361 sensum.
1240 301 1298 364 161

173 421 235 483 1110
249 440 356 482 011010
368 427 423 483 aut
435 418 599 493 oscitantia
615 418 795 502 interpretis
807 419 900 503 graeci
913 418 1027 481 omissa
1041 417 1169 501 fuerint,
1185 421 1301 503 partim

174 546 216 586 ex
237 523 412 790 ρπζοείῑο,
430 523 505 607 quia
522 520 597 583 alibi
609 519 679 606 jam
695 518 897 583 habebantur
909 519 969 606 (l).

222 627 264 690 tu
298 627 348 717 De
363 623 639 688 lamentationibus
657 625 806 686 Jeremrie.
828 623 947 686 Praeter
968 624 1128 705 vaticinia,
1147 625 1302 689 Ieremias
1343 584 1470 734 {elffii

177 730 289 813 scripsr
324 728 566 791 Lamentationes
589 746 645 789 seu
672 724 830 797 Tirenus,
862 724 978 810 quibus
1005 727 1131 790 ruinam
1160 727 1249 791 urbis
1273 737 1303 791 et
1361 770 1363 774 ,
1458 714 1461 725 λ

177 832 290 917 templi
314 852 353 894 ac
377 828 632 914 deportationem
662 827 772 912 populi
802 827 978 891 tristissimo
1002 828 1124 914 planxit
1148 805 1311 931 carmine]

178 934 332 998 Nonnulli
344 933 467 1017 antiqui
480 953 518 996 ac
529 930 722 995 recentiores
735 938 873 1014 exegetae
885 931 1105 995 existimarunt
1118 933 1205 997 hisce
1216 933 1287 996 thre
1300 968 1305 975 ·

180 1039 229 1102 nis
252 1046 389 1101 mortem
411 1035 483 1099 cani
506 1035 589 1118 regis
611 1033 704 1097 losiae
726 1054 764 1097 ac
786 1034 872 1096 mala
892 1054 964 1119 quse
985 1034 1075 1098 illam
1093 1045 1200 1099 secuta
1220 1042 1302 1101 suut.
1416 1101 1421 1108 ,

179 1137 437 1204 Fundamentum
460 1135 556 1221 hujus
576 1135 736 1199 sententiae
758 1134 936 1199 desumitur
958 1157 997 1199 ex
1019 1138 1054 1198 II
1071 1137 1150 1200 Por.
1172 1132 1303 1220 XXXV,

180 1243 235 1325 25,
254 1240 311 1304 ubi
327 1240 464 1304 refertur
479 1239 654 1303 Ieremiam
668 1239 909 1302 lamentationes
922 1240 1135 1324 composuisse
1150 1239 1191 1304 de
1203 1251 1306 1306 morte

167 1345 273 1409 1Josiae
298 1366 305 1406 :
342 1344 505 1406 Universus
534 1341 617 1404 Judu
645 1353 673 1405 et
695 1341 865 1405 Jerusalem
890 1340 1031 1406 luserunt
1054 1365 1121 1406 eum
1143 1342 1303 1430 (lusiam).

179 1448 330 1510 Jeremius
346 1447 476 1508 omnine
492 1468 502 1506 :
520 1446 605 1528 cujus
625 1466 725 1509 amnes
745 1457 880 1509 cantores
898 1457 988 1530 utque
1007 1450 1194 1522 cantatrices,
1214 1471 1306 1534 usque

180 1551 215 1609 in
229 1545 411 1633 presentem
427 1545 505 1608 diem
528 1544 755 1610 lamentationes
768 1568 860 1631 super
876 1548 994 1611 Josiam
1011 1548 1169 1634 replicant.
1187 1551 1306 1614 Favere

133 1646 135 1651 ⁴
181 1648 332 1715 videntur
353 1648 510 1734 losephus
528 1647 676 1733 (Aretiqq.
701 1650 751 1731 X,
778 1649 811 1734 1)
835 1647 944 1712 dicens
968 1672 1098 1714 carmen
1128 1652 1263 1716 funebre
1287 1676 1313 1716 a.

181 1753 322 1816 Jercmie
339 1752 551 1835 compositum
563 1751 595 1813 in
611 1759 748 1814 mortem
763 1750 855 1814 losiae
873 1750 980 1816 adhuc
995 1762 1130 1838 exstare,
1146 1764 1176 1818 et
1191 1755 1309 1819 Hiero·
1347 1778 1348 1782 ¹

184 1876 309 1941 nymus,
324 1855 379 1940 qui
399 1855 446 1939 (in
466 1853 597 1916 Zoclor.
618 1853 690 1937 XII,
709 1853 765 1939 11)
781 1854 849 1918 haec
871 1856 937 1918 ait:
962 1855 1095 1941 «Super
1112 1878 1177 1942 quo
1197 1857 1310 1944 (lusia)

183 1958 439 2022 Lamentationes
452 1956 575 2040 scripsit
589 1957 756 2039 ieremias,
776 1977 846 2041 quae
861 1956 1009 2041 leguntur
1026 1959 1059 2021 in
1074 1957 1227 2025 Ecclesia.
1249 1987 1264 2022 n
1386 1930 1431 1995 '7‘

162 2054 188 2141 ᾧ
228 2057 363 2171 15(80(1
381 2061 575 2125 contrarium
592 2060 740 2123 eruitur:
764 2061 795 2123 1ο
814 2061 861 2123 Ex
878 2070 1067 2146 argumento
1088 2062 1173 2146 libri,
1193 2065 1225 2127 in
1246 2085 1309 2150 quo
1356 2016 1407 2141 ῃ

182 2186 248 2252 000
268 2173 405 2229 mortem
425 2165 517 2229 losiae
536 2165 658 2249 plangit
678 2164 844 2246 Ieremias,
864 2163 920 2228 sed
938 2165 1026 2240 urbis
1042 2176 1073 2229 et
1089 2167 1200 2252 templi
1219 2170 1308 2251 exci-
1478 2246 1483 2255 ι
1535 2222 1557 2265 g

181 2266 272 2331 dium
293 2275 324 2330 et
347 2267 543 2332 eversionem
573 2266 691 2331 factam
718 2288 737 2330 a
767 2265 921 2332 Chaldaeis
941 2277 1037 2353 atque
1060 2218 1561 2359 1081380000110111111ἷῖ13

181 2373 341 2455 totiusque
358 2371 468 2455 populi
481 2336 822 2468 captivitatemfldttx
837 2371 1040 2455 inscriptione
1057 2373 1259 2458 quse‘logitur
1274 2375 1309 2437 in
1340 2327 1366 2431 (1
1385 2309 1490 2478 “)’“’“β

182 2474 327 2536 versione
351 2492 455 2557 graeca
479 2473 563 2536 etin
591 2472 761 2557 Vulgata:
787 2473 828 2536 Et
852 2473 966 2557 fartum
996 2486 1060 2548 cst,
1092 2488 1252 2560 postquam
1276 2479 1309 2538 in
1521 2542 1524 2549 ,

181 2579 382 2661 captiuitatem
406 2576 541 2640 reductus
570 2587 613 2638 est
640 2573 738 2639 Israel
764 2586 791 2637 et
818 2574 989 2638 Jerusalem
1017 2576 1133 2640 deserto
1155 2589 1208 2651 est,
1233 2579 1308 2642 sedit
1378 2625 1407 2660 ᾧ
1429 2582 1448 2639 s

181 2670 331 2741 Jeremins
346 2677 495 2762 proplietn
509 2678 586 2761 flens
607 2689 635 2740 et
649 2675 771 2762 planxit
792 2675 1004 2741 lamentatione
1016 2678 1071 2741 luo
1088 2683 1121 2742 in
1137 2679 1307 2743 Jerusalem
1422 2716 1462 2765 ἶ)
1486 2701 1507 2753 r

182 2790 210 2841 et
233 2798 337 2842 umora
361 2782 463 2842 animo
487 2780 670 2862 suspirans,
694 2789 721 2839 et
745 2776 863 2861 ejulans
887 2746 1232 2870 111011,]010.”111).15”
1256 2748 1360 2845 Ad⁶i7
1420 2756 1425 2769 ἶ
1501 2860 1534 2877 μ

182 2882 404 2947 auctoritatem
416 2881 546 2967 losephi
559 2879 770 2966 respondetur
782 2901 858 2943 eum
869 2881 957 2966 loqui
969 2879 1010 2947 de
1024 2883 1165 2946 carmine
1179 2882 1306 2948 funebri
1391 2884 1475 2920 ‘'I“
1506 2898 1509 2913 ¹

182 2984 215 3046 iu
230 2993 368 3047 mortem
383 2983 476 3046 losiae
488 2981 576 3067 quod
589 2970 664 3046 tune
676 2982 809 3045 fortasse
825 2979 931 3045 adhuc
947 2982 1102 3065 exstabat,
1119 2981 1214 3048 hodie
1231 3005 1307 3048 vcro

182 3083 387 3170 deperditum
422 3095 495 3195 est.)
515 3084 727 3169 Hieronymus
744 3093 869 3180 sautem
903 3096 937 3146 se
972 3085 1077 3168 ipsum
1107 3087 1243 3151 correxit
1275 3087 1308 3149 in

182 3190 224 3252 Is.
252 3188 376 3270 LXIII,
413 3188 457 3264 5,
495 3196 526 3251 et
549 3189 619 3251 aliis
642 3187 746 3268 locis,
780 3185 835 3248 ubi
859 3186 969 3249 asserit
991 3187 1164 3249 Ieremiam
1189 3187 1221 3250 in
1245 3189 1308 3252 suis

183 3291 475 3355 Lamentationibus
495 3291 648 3375 plangere
666 3280 865 3353 eversionem
884 3288 1074 3352 Jerusalem.
1388 3310 1419 3419 s

172 3456 177 3460 .
225 3359 1307 3503 14ῇο110011000110101000101100001111100101101001103011-
1346 3391 1515 3519 &1529

183 3496 290 3582 ptione
303 3517 398 3580 supra
422 3496 534 3577 relate,
553 3504 621 3558 tum
635 3516 674 3558 ex
695 3493 847 3557 constanti
865 3491 1050 3558 Judaeorum
1065 3493 1307 3558 0161013110οο-

183 3620 254 3662 rum
276 3597 456 3681 traditione,
479 3606 546 3661 tum
573 3620 612 3662 ex
637 3603 825 3681 argumento
850 3604 880 3658 et
897 3596 974 3681 stylo
991 3617 1062 3684 quae
1082 3598 1115 3661 in
1131 3597 1304 3679 Jeremfiam

184 3704 313 3766 omnino
341 3672 664 3866 quadrarqtullius
684 3707 790 3762 autem
811 3706 883 3761 sunt
900 3700 1030 3783 valoris,
1043 3698 1206 3785 judicibus
1229 3690 1304 3784 ipsis

183 3805 409 3887 Rationalistis‚
427 3824 507 3888 argu
543 3812 616 3866 enta
630 3823 702 3888 quae
714 3801 852 3864 lhenius
864 3801 897 3863 in
914 3802 1108 3890 contrarium
1124 3801 1264 3884 protulit.

217 4104 250 4165 (1)
262 4103 313 4153 Cfr.
329 4102 419 4164 Glaire,
430 4103 501 4152 latro
511 4104 570 4152 luet.
582 4108 601 4152 1.
615 4099 647 4150 111
657 4115 681 4163 p.
693 4101 810 4165 seston
822 4098 1014 4158 llerbst-Welte,
1024 4096 1093 4148 Efnl.
1104 4108 1123 4148 t.
1134 4095 1166 4146 Ill
1176 4110 1201 4160 p.
1212 4096 1298 4147 seen.

215 4186 250 4251 (1)
262 4186 338 4235 mess
352 4185 540 4248 prefatiuncula
551 4186 598 4234 isra
610 4185 636 4234 tn
652 4190 715 4234 text.
735 4184 817 4244 hebr„
832 4183 924 4243 chald,
941 4194 1006 4231 vers.
1024 4192 1073 4244 syr.
1092 4187 1141 4231 etc.
1157 4179 1228 4231 Unde
1239 4193 1300 4229 con-

178 4269 262 4319 cludit
278 4268 434 4318 Corneliana
452 4266 546 4330 Lepide
557 4280 612 4317 eam
629 4279 678 4316 non
696 4266 822 4328 pertinere
838 4269 870 4318 ad
885 4266 1040 4329 scripturam
1053 4264 1203 4316 canonicam.
1221 4262 1300 4314 {latet

184 4359 268 4402 tamen
279 4351 454 4402 auctoritatem
464 4348 600 4402 testimonii
610 4348 786 4415 antiquissimi.
1153 4365 1154 4368 ¹
1237 4369 1240 4375 ν
