3132 4964
352 272 413 415 63
472 330 547 374 raus
565 332 589 373 1.
609 329 702 373 csrnr
718 330 761 372 rx.
776 329 815 371 nn
830 328 919 371 inno
934 329 1058 373 rsrnrr.
1243 302 1248 314 '
1289 309 1331 373 ot

211 393 438 597 &Exstant
459 432 555 495 etiam
578 429 652 494 libri
674 428 813 492 Estheris
836 427 907 492 duae
929 430 1090 493 versiones
1112 430 1240 513 latina,
1265 451 1331 494 una

199 535 236 598 S.
306 535 461 619 ieronymi
495 554 566 620 quac
601 534 633 597 in
662 533 799 616 Vulgata
834 541 942 596 nostra
976 532 1138 617 habetur,
1174 534 1327 598 alteras.

199 636 399 723 Hieronymo
417 636 590 722 antiquior,
612 634 654 700 dc
675 655 738 720 qua
759 635 827 698 haec
848 635 892 698 ait
906 635 939 700 S.
962 635 1080 701 Ductor
1093 635 1168 721 (l):
1193 637 1331 717 «Quem

200 740 324 804 librum
339 740 480 826 (Esther)
501 736 596 803 cditro
615 737 765 822 Vulgata,
791 736 949 802 laciniosis
967 737 1044 803 hinc
1066 737 1140 802 indo
1158 739 1332 803 verborum

105 876 109 881 ·
202 843 325 908 sinibus
341 843 449 926 trahit,
466 841 589 907 addens
605 862 644 905 ea
665 861 736 926 quai
754 862 793 904 ex
810 849 954 926 tempore
971 839 1033 905 dici
1053 850 1201 926 poterant
1221 851 1252 906 et
1268 863 1332 906 au-

203 946 280 1031 diri,
297 947 377 1011 sicut
392 946 519 1010 solitum
544 954 590 1009 est
617 943 816 1009 scholaribus
832 942 1017 1028 disciplinis,
1035 953 1160 1030 sumpto
1177 944 1330 1026 themate,

193 1051 385 1135 excogitare
406 1048 523 1135 quibus
539 1048 644 1113 verbis
658 1017 821 1211 uthissluit
838 1047 893 1132 qui
909 1045 1060 1132 injuriam
1076 1068 1187 1133 passus
1199 1057 1258 1130 cst,
1279 1049 1332 1112 vel

204 1154 263 1240 qni
275 1151 426 1238 injuriam
439 1151 514 1215 lecit
525 1148 585 1236 (2)
688 1170 710 1212 n
755 1136 851 1245 ppititr
867 1148 985 1212 librum
1000 1149 1113 1212 Esther
1126 1149 1221 1213 variis
1234 1158 1333 1212 trans·

205 1254 360 1319 latoribus
372 1262 531 1318 constaret
545 1273 612 1315 esse
625 1253 782 1335 vitiatum,
800 1251 891 1315 illum
912 1250 1124 1336 Hieronymus
1141 1250 1182 1315 dc
1195 1251 1332 1316 archivis

118 1371 126 1382 “
204 1357 416 1421 Hebraeorum
432 1344 589 1436 riievans,
598 1354 733 1419 verbum
746 1375 763 1417 e
776 1353 874 1417 verbo
886 1353 1024 1438 pressius
1037 1352 1331 1418 transtulitlieinde

205 1482 246 1523 ex
260 1459 396 1543 Vulgata
412 1457 557 1521 versione
573 1455 731 1519 transtulit
748 1477 786 1519 ea
799 1475 871 1539 quae
883 1454 1017 1519 deerant
1031 1457 1064 1519 in
1081 1464 1168 1520 textu
1180 1455 1332 1521 hebraico

205 1571 238 1626 ct
257 1560 298 1624 ad
317 1561 438 1625 calcem
454 1579 518 1622 suae
536 1558 690 1622 versionis
709 1558 765 1621 illa
781 1522 994 1723 reposuissb).
1062 1572 1065 1579 '

252 1665 284 1727 6.
302 1663 390 1725 Fides
407 1662 560 1726 ln'storicu.
578 1661 718 1724 Estheris
729 1660 894 1725 historiam
933 1660 1052 1724 ctitiam
1068 1682 1135 1725 esse
1153 1671 1208 1726 aut
1219 1664 1332 1727 saltem

203 1766 321 1830 fictitiis
350 1764 593 1829 circumstantiis
624 1764 768 1827 vestitam
798 1761 1029 1827 contenderunt
1056 1762 1174 1846 Oeder,
1196 1765 1330 1849 Somler,

203 1867 374 1952 Berthold‚
383 1868 428 1930 lie
439 1868 547 1931 Wette
559 1866 678 1951 aliique
687 1867 914 1933 Rationalistae.
928 1866 1143 1951 Baumgarten
1167 1868 1331 1933 veritatem

204 1971 357 2052 historiae,
376 1969 479 2054 qualis
495 1968 529 2031 in
546 1977 631 2031 textu
656 1967 808 2032 hebraico
827 1969 997 2051 invenitur,
1016 1978 1127 2033 contra
1146 1991 1200 2034 eos
1216 1970 1333 2035 deien-

204 2075 267 2158 dit,
292 2071 347 2136 sed
367 2072 475 2156 spuria
491 2092 558 2134 esse
575 2068 792 2133 additamenta
812 2071 946 2154 putavit.
968 2069 1084 2134 Contra
1108 2092 1188 2156 quos
1208 2094 1333 2157 propu-

205 2197 345 2264 gnamus
357 2184 457 2239 totam
472 2175 650 2254 historiam,
668 2183 763 2258 prout
779 2193 880 2257 grace
899 2183 930 2237 et
947 2172 1044 2237 latine
1059 2183 1171 2258 exstat,
1185 2197 1253 2240 csse
1273 2198 1333 2240 ve-

204 2302 291 2344 ram.
301 2278 425 2342 Etenim
434 2277 522 2363 quod
537 2278 569 2341 in
583 2278 644 2342 hac
656 2276 787 2341 historia
800 2277 998 2361 precipuum
1011 2286 1058 2341 est
1071 2288 1103 2342 ct
1114 2279 1216 2364 magis
1227 2280 1333 2345 incre-

205 2558 235 2601 et
250 2549 389 2600 abbreviata
400 2555 428 2598 ut
440 2546 571 2598 wmmode
581 2545 608 2596 in
619 2545 754 2596 testivitate
768 2544 881 2595 sortium
894 2544 1032 2608 legeretur.
1047 2544 1115 2597 istud
1129 2547 1210 2610 igitur
1221 2563 1334 2602 sununs·

204 2633 277 2683 rium
294 2631 320 2680 in
333 2643 454 2680 canonem
466 2628 609 2688 transierit3
627 2626 808 2692 primigenium
825 2634 911 2678 autem
930 2629 1058 2691 exemplar
1070 2630 1225 2683 chaldaicum
1240 2634 1333 2685 sensim

203 2712 368 2773 obsoleverit,
388 2725 436 2762 non
454 2712 489 2762 ita
506 2719 608 2771 tamen,
627 2716 656 2760 ut
675 2710 800 2773 quaedam,
819 2709 868 2760 nisi
887 2721 990 2771 omncs,
1015 2710 1139 2774 longiores
1156 2714 1278 2777 pericopae
1296 2718 1334 2768 vel

204 2799 315 2847 seorsim
338 2794 479 2856 descripta,
500 2792 540 2842 vel
560 2792 608 2855 ipsi
627 2791 750 2842 breviario
771 2791 875 2841 insertae
891 2797 935 2841 aut
951 2791 1055 2854 adiectae
1073 2794 1149 2844 variis
1164 2794 1191 2844 in
1207 2796 1335 2848 codicibus

204 2882 394 2930 servarentur:
421 2875 478 2925 hinc
500 2873 571 2925 facile
597 2873 749 2937 intelligitur
776 2886 855 2935 quare
880 2885 979 2937 graecus
1004 2874 1147 2938 interpres,
1164 2878 1208 2927 tali
1224 2880 1334 2942 quodam

203 2959 295 3011 codice
314 2972 385 3021 usus,
407 2956 594 3022 compendiaria
616 2970 666 3007 una
685 2956 761 3006 simul
783 2962 810 3006 et
833 2956 948 3018 ampliori
965 2957 1107 3007 narratione
1122 2959 1241 3023 adhibita,
1260 2964 1335 3014 modo

202 3055 266 3092 curn
277 3040 394 3091 hebraico
404 3046 478 3090 textu
488 3044 611 3102 congruat
619 3038 782 3099 adamussim,
794 3039 869 3088 modo
881 3050 944 3087 nova
955 3039 1085 3101 producat,
1098 3040 1137 3089 vel
1146 3041 1198 3104 jam
1210 3042 1335 3107 descripta

201 3125 293 3183 iteret,
309 3123 348 3172 vel
358 3123 452 3173 eisdem
468 3121 595 3171 interdum
610 3120 782 3171 contradicere
794 3120 916 3171 videatur.
935 3119 1115 3184 Ghiringhello‚
1130 3121 1166 3173 lie
1182 3123 1225 3176 tii.
1240 3124 1333 3177 histor.

202 3207 239 3255 Α.
258 3205 288 3255 F.
309 3218 333 3266 p.
350 3205 467 3255 ost-oso.

242 3288 280 3351 (l)
294 3287 374 3351 Proes.
386 3289 414 3336 iit
433 3286 504 3338 usti.

241 3368 277 3433 (i)
289 3369 423 3431 Martianay
436 3368 546 3430 (Potrot.
559 3368 604 3418 lat.
621 3376 640 3418 t.
661 3367 702 3428 ix,
724 3369 798 3433 1455)
814 3370 944 3421 confirmat
955 3371 981 3421 S.
1001 3370 1145 3433 hieronymi
1162 3372 1334 3424 testimonium

202 3466 238 3502 ex
260 3450 365 3514 antiquo
382 3437 555 3513 manuscripto
570 3450 666 3507 codice,
684 3451 710 3499 in
729 3462 778 3511 quo
797 3451 925 3513 reperitur
939 3452 1043 3515 antiqua
1059 3452 1143 3501 versio
1158 3453 1235 3504 latina
1255 3455 1336 3505 multo

202 3532 328 3596 prolixior
341 3546 418 3595 qnam
430 3531 513 3581 versio
522 3543 602 3594 graeca
613 3538 700 3595 totque
714 3543 742 3581 ac
757 3532 833 3580 tantis
851 3532 938 3583 vitiata
951 3532 1120 3582 additionibus
1135 3540 1164 3583 ut
1177 3535 1335 3587 verissimum

35 3644 41 3654 ·
118 3612 123 3617 ’
202 3627 264 3665 essa
278 3614 346 3676 quod
358 3613 423 3663 dixit
438 3613 605 3677 Hieronymus
616 3612 711 3676 legenti
722 3620 850 3675 appareat.
934 3639 940 3659 t

242 3695 277 3757 (ὅ)
300 3695 447 3758 Disputatur
463 3707 494 3744 an
509 3706 541 3744 ex
558 3694 627 3745 itata
647 3694 761 3744 versione
777 3696 816 3744 vel
833 3709 863 3745 ex
881 3696 993 3747 editione
1009 3709 1098 3760 greca,
1115 3711 1174 3760 quae
1186 3699 1337 3750 Communis

203 3789 254 3828 seu
281 3775 390 3841 Vulpata
409 3776 590 3838 appellabatur,
614 3777 640 3826 S.
665 3775 832 3839 llieronymus
849 3777 1018 3828 additamenta
1040 3778 1154 3829 Estheris
1168 3780 1334 3830 transtulerit.

205 3861 236 3910 S.
251 3858 343 3907 lioctor
354 3859 386 3908 de
400 3858 446 3906 hnc
459 3869 486 3906 re
498 3858 534 3908 sic
547 3858 647 3908 locutus
659 3863 714 3907 est:
729 3875 739 3904 v
753 3859 814 3920 Qnre
824 3870 968 3923 sequuntur
982 3860 1074 3923 scripta
1088 3860 1171 3923 reperi
1186 3861 1211 3911 in
1225 3862 1338 3914 editione

92 3987 98 3992 .
204 3941 317 4004 Vulgata
336 3953 393 4003 qnae
416 3939 559 3990 Graccomm
573 3940 658 4003 lingua
673 3946 700 3990 et
716 3941 808 3991 littoris
823 3942 968 3992 continetur
987 3942 1066 4005 (ulios
1086 3943 1292 4007 continentum.»
1309 3947 1337 3997 Si

204 4021 281 4086 prior
292 4019 367 4070 lectio
384 4019 542 4082 admittatur,
559 4021 717 4071 transtulerit
731 4022 757 4072 S.
771 4022 907 4073 Doctores
923 4022 1033 4073 editione
1046 4035 1134 4086 macca,
1151 4037 1208 4088 quae
1223 4046 1277 4074 titt!
1291 4040 1337 4077 seu

206 4103 363 4155 Communis
373 4101 542 4166 anticipata
557 4102 704 4160 dicebatur;
717 4117 766 4153 non
780 4109 866 4153 autem
881 4117 912 4154 ex
926 4104 986 4154 ltala
1002 4105 1171 4155 additamenta
1188 4105 1338 4172 desumpse-

206 4186 253 4236 rit.
279 4185 351 4244 Quod
370 4184 405 4234 ita
425 4196 481 4234 esse
504 4189 573 4246 patet
595 4197 626 4233 er
648 4185 767 4234 affinitate
790 4197 846 4248 quae
868 4186 935 4236 inest
951 4186 1018 4236 inter
1033 4188 1173 4236 versionem
1188 4200 1293 4249 maccam
1311 4198 1338 4238 et

206 4271 312 4316 testum
333 4265 358 4315 S.
379 4264 534 4327 Hieronymi,
551 4270 576 4314 et
592 4277 624 4314 ex
645 4266 812 4333 discrepantia
832 4267 1000 4319 translationis
1020 4268 1045 4319 S.
1066 4267 1209 4330 Hieronymi
1227 4284 1240 4321 a
1260 4271 1339 4320 veteri

182 4367 187 4373 ’
208 4349 281 4399 Itala.
296 4347 347 4398 Cir.
362 4348 484 4409 Sabatia,
498 4345 563 4401 iiiii.
576 4360 646 4399 socr.
657 4349 705 4423 ,tat
718 4362 786 4401 vers.
799 4347 819 4411 l,
833 4349 889 4411 iot,
904 4349 960 4400 itit.
