3166 4958
298 336 373 379 rans
387 335 422 379 11.
441 334 535 378 carm
548 336 596 379 ιιι.
611 335 653 378 ur
662 333 785 378 onmnrr
798 336 834 378 ur
844 337 1006 384 numonrr.
1016 341 1060 384 ιν.
1074 341 1202 385 rvrrae.
1250 325 1316 389 ata

187 432 341 521 Ejusdem
352 434 498 519 Epistolae
511 434 721 518 captorem
739 435 935 501 verbotenus
947 438 1060 502 recitat
1071 441 1170 505 uerba
1185 442 1313 527 Christi,

188 545 260 623 q'uae
280 538 463 601 referuntur
479 535 590 599 Mattlr.
610 535 727 619 XVIll,
745 537 781 618 6,
796 538 891 617 Mare.
914 539 975 621 IX,
992 540 1051 622 tt,
1066 544 1138 605 Luc.
1158 543 1259 625 XVII,
1278 547 1314 609 2.

186 638 278 703 Idem
296 640 390 702 Pater
402 638 436 700 in
450 635 591 702 secunda
602 636 645 701 ed
657 637 835 703 Corinthios
852 640 991 725 Epistola
1006 650 1037 705 et
1052 643 1086 706 in
1105 644 1257 729 Epistolis·
1271 646 1314 711 ad

186 743 345 828 Virgines,
354 763 425 828 quae
437 752 503 806 tres
511 741 670 825 Epistola,
680 741 737 806 etsi
749 741 791 806 ab
803 742 957 807 omnihus
965 765 1030 809 non
1043 745 1230 831 probentur,
1241 760 1315 813 sunt

186 855 294 910 tamen
308 845 534 931 antiquissima
545 852 576 907 et
587 852 623 907 ut
635 845 779 928 genuinae
792 866 813 908 a
825 843 927 910 doctis
941 847 1125 912 auctoribus
1139 849 1312 934 habentur,

186 951 293 1035 plures
311 971 350 1013 ex
366 949 525 1031 Mattlroeo,
543 948 651 1012 Maron
670 957 701 1011 et
719 949 816 1029 Luoa,
833 951 1003 1014 sententias
1018 951 1128 1032 refert,
1150 955 1312 1037 praemissa

187 1051 381 1140 quandoque
395 1052 534 1117 formula
550 1074 559 1114 r
576 1051 737 1136 Scriptura
750 1052 836 1126 dicit,
845 1053 897 1116 vel
912 1075 920 1115 ε
936 1055 980 1116 att
994 1056 1147 1119 Dominus
1158 1059 1190 1117 r'n
1203 1057 1314 1120 Euare-

184 1156 262 1241 pelio
276 1156 338 1241 (l).

230 1259 261 1322 7.
281 1258 317 1322 S
341 1256 511 1330 Barnabae,
535 1256 631 1343 eujus
649 1257 790 1341 Epistola
815 1258 1032 1343 antiquissima
1056 1267 1141 1323 certe
1165 1269 1212 1324 est
1235 1270 1265 1324 et
1291 1283 1311 1325 a

184 1359 383 1424 doctioribus
388 1359 571 1424 authentica
583 1359 732 1442 habetur,
741 1369 894 1446 provocat
906 1359 947 1425 ad
960 1362 1068 1427 Mattio
1082 1362 1185 1445 XX,
1170 1364 1312 1428 ltilrisoe

184 1456 318 1523 verbis:
333 1483 348 1517 n
367 1456 582 1522 Attendamus
596 1480 684 1544 ergo,
706 1480 746 1522 ne
762 1459 858 1542 torte,
876 1460 957 1522 sicut
972 1461 1125 1544 scriptum
1144 1471 1201 1545 est,
1223 1462 1313 1527 inulti

183 1569 289 1640 vorati,
313 1568 404 1652 ponci
426 1565 546 1640 elertt',
537 1568 739 1631 inveniamur
756 1566 817 1652 (2)
840 1594 857 1628 s
878 1567 915 1629 In
935 1567 1075 1653 Epistola
1098 1567 1139 1632 de
1162 1571 1312 1655 Mat-tyrio

183 1668 217 1732 S.
243 1667 379 1733 Andreae
402 1668 573 1753 Apostoli,
605 1668 780 1755 presbyteri
805 1669 938 1733 Achaiae
956 1670 1100 1735 relemnt
1123 1673 1214 1757 plum
1239 1695 1312 1758 que
1372 1663 1377 1672 ¹

182 1770 217 1834 S.
230 1768 376 1834 Andreas
390 1768 488 1851 dixit,
506 1790 603 1854 porro
616 1791 717 1856 quum
730 1770 799 1834 haeo
813 1769 1004 1834 verbotenus
1021 1765 1201 1841 referantur
1212 1775 1309 1837 etiam

182 1875 217 1937 in
232 1874 424 1960 Evangeliis,
437 1871 575 1959 probant
587 1873 699 1937 saltem
712 1893 788 1936 vera
801 1894 868 1936 esse
881 1893 950 1958 quse
964 1874 1172 1959 Evangelistae
1185 1875 1310 1941 Christo

183 1975 374 2040 tribuerunt.

216 2079 258 2142 ’8.
280 2079 317 2143 S.
344 2080 494 2163 1911611111,
518 2077 649 2142 Ioannis
666 2078 813 2163 Apostoli
833 2076 960 2161 auditor
980 2087 1011 2142 et
1028 2078 1168 2143 eeclesiae
1191 2080 1310 2146 Antio·

181 2182 291 2247 ehenoe
314 2182 504 2267 episeopus,
530 2181 585 2267 qui
600 2228 610 2264 ,
623 2180 764 2245 'ineunte
787 2181 903 2245 saeulo
928 2179 1093 2263 secundo,
1120 2183 1308 2267 martyrium

179 2305 292 2368 passus
314 2293 372 2366 est,
389 2283 422 2347 in
441 2283 506 2365 suis
527 2291 649 2367 septem
673 2281 818 2366 genuinis
841 2281 1001 2366 Epistolis,
1020 2302 1101 2366 quas
1117 2283 1214 2366 paulo
1234 2292 1309 2347 ante

180 2388 368 2473 martyrium
394 2387 592 2471 conseripsit,
614 2386 727 2470 sepias
745 2395 899 2470 provocat
919 2383 960 2448 ad
984 2386 1156 2470 Evangelia
1177 2387 1307 2471 scripta.

179 2491 234 2555 Sic
245 2490 386 2555 scribens
398 2488 440 2554 ad
453 2488 737 2573 Philadelphenses
749 2488 847 2573 (matt
859 2510 867 2551 ε
881 2513 895 2547 «
908 2487 1016 2553 Oratio
1029 2498 1136 2553 restro
1147 2488 1190 2553 ad
1204 2490 1308 2553 Deum

178 2612 233 2655 me
251 2591 392 2677 perficiet
406 2600 442 2656 ut
456 2600 540 2656 sorte
555 2612 614 2675 per
637 2588 889 2655 misericordiam
910 2576 989 2654 milri
1012 2592 1171 2675 assignata
1190 2592 1308 2676 potiar,

178 2692 369 2778 confugiens
386 2692 428 2757 ad
443 2692 642 2777 annprlt'um
659 2700 814 2777 tanquam
831 2690 873 2755 ad
891 2692 1100 2778 corporaliter
1114 2701 1308 2776 -praeseutem

181 2795 342 2861 Christum
355 2805 386 2860 et
400 2794 442 2860 ad
454 2794 615 2880 Apostolos
627 2804 783 2880 tanquam
799 2793 838 2857 ad
855 2814 993 2879 presens
1008 2796 1156 2859 Ecclesiae
1173 2794 1309 2880 presby-

182 2899 312 2962 terium.
338 2896 400 2962 Sed
423 2906 455 2961 et
477 2897 649 2982 Prophetas
671 2895 853 2981 diligamus.
883 2920 899 2957 n
920 2898 958 2960 Et
980 2897 1122 2961 intras«
1148 2898 1308 2961 Eximium

182 3010 292 3066 autem
308 2998 473 3088 quoddam
488 2999 586 3064 habet
596 2999 806 3084 Europelium,
821 2999 972 3062 nimirum
988 2997 1163 3062 adventum
1179 3000 1307 3064 Domini

182 3104 282 3168 nostri
304 3105 380 3168 Jesu
402 3101 527 3186 Christi,
546 3102 726 3187 passionem
748 3101 817 3188 ejus
839 3123 877 3165 ao
896 3103 1172 3167 resurrectionem.
1194 3103 1306 3167 Dileeti
1395 3086 1400 3096 ’

180 3226 324 3291 namque
345 3203 509 3289 Prophetae
531 3204 800 3267 annuntiaverunt
815 3222 901 3266 eum.
923 3229 938 3263 »
957 3203 994 3266 Et
1011 3202 1052 3268 ad
1068 3203 1244 3288 Smyrnaeus
1260 3204 1326 3290 (dl
1385 3268 1389 3293 ,

180 3306 225 3372 de
239 3302 364 3372 Dooetis
379 3304 488 3392 agens,
503 3306 570 3369 ait:
593 3329 607 3365 «
626 3305 748 3388 Quibus
764 3306 823 3369 neo
839 3305 1013 3389 Proptett'ae
1031 3306 1226 3393 persuasere,
1247 3328 1308 3373 nee

179 3410 296 3495 Moysis
323 3413 403 3483 Lea,
428 3406 484 3472 sed
510 3429 569 3472 nee
592 3408 791 3494 Euanpelrtam
815 3409 848 3471 in
869 3409 956 3473 hune
980 3429 1080 3495 usque
1101 3407 1199 3473 diem.
1229 3437 1243 3470 u
1268 3412 1307 3475 Et

182 3754 184 3759 Ι
214 3688 251 3753 (1)
262 3688 313 3739 Clr.
323 3689 352 3739 S.
361 3689 499 3743 Clementis
509 3689 533 3740 ll
543 3689 627 3753 Epist.
640 3690 675 3739 ad
685 3688 747 3740 Cor.
757 3700 812 3752 cap.
824 3686 934 3739 ‘Iocum
944 3687 1036 3740 Matttr.
1048 3689 1099 3750 Vll,
1108 3689 1151 3751 61,
1160 3689 1202 3749 235
1211 3690 1253 3753 tx,
1265 3691 1306 3753 133

178 3772 212 3832 X,
226 3770 266 3831 16,
282 3770 322 3831 ὄῖς
335 3770 398 3833 tvl,
414 3769 447 3820 26
459 3778 486 3821 et
499 3783 557 3820 eum
570 3770 630 3821 teoto
644 3770 719 3821 Luoae
728 3770 838 3820 etttarct
850 3770 983 3833 puratteIIs.
998 3770 1085 3834 Cap8
1099 3784 1157 3820 eum
1169 3773 1229 3822 tue.
1243 3770 1306 3833 XVI,

180 3852 271 3903 16-11.
286 3850 300 3902 I
313 3853 398 3916 Epist.
413 3854 449 3902 ad
465 3852 537 3917 Viro.
553 3864 608 3913 cap.
627 3850 716 3903 tarn
733 3851 826 3902 narrt.
844 3851 874 3913 V,
894 3850 933 3911 16;
952 3863 1007 3914 cap.
1023 3852 1039 3902 5
1053 3865 1113 3901 eum
1128 3852 1187 3903 Luc.
1205 3850 1247 3912 Vl,
1263 3852 1306 3911 tt,

177 3948 237 4001 erp.
252 3933 284 3985 n
295 3947 355 3986 cum
368 3934 461 3986 narrt.
476 3933 551 3996 xvtt,
563 3933 604 3998 ²⁰3
618 3934 645 3986 11
657 3935 743 3999 Epist.
761 3936 796 3987 ad
819 3934 889 4000 Virp.
905 3947 962 3984 eum
975 3933 1050 3985 Joaa.
1067 3920 1106 3994 tv,
1120 3933 1161 3985 tt.

212 4015 318 4083 (21611.
336 4018 454 4069 Barnabae
471 4017 555 4082 Epist.
574 4017 599 4079 ,1.
620 4016 760 4068 conformis
776 4022 816 4067 est
834 4017 915 4067 versio
934 4015 1010 4067 latina
1028 4014 1110 4066 textui
1126 4028 1208 4079 graeeo
1228 4027 1306 4086 quem

177 4098 278 4164 primus
287 4099 383 4149 invenlt
395 4105 421 4150 et
433 4099 513 4151 edtdit
529 4098 750 4150 Tischendortius'
743 4112 769 4149 tn
781 4098 873 4150 Codice
884 4097 1007 4149 sinodico
1020 4103 1039 4147 t.
1053 4095 1093 4159 lV,
1107 4096 1202 4169 otto,
1216 4097 1263 4147 ool.
1279 4098 1305 4148 ὅ.

176 4180 407 4244 Peroportune.
879 4168 882 4173 ’

212 4260 522 4326 (monstrantium
540 4260 703 4326 rapuero.

212 4339 256 4408 (t)
262 4341 347 4408 aptet.
365 4345 401 4396 ad
417 4344 523 4409 smum.
541 4356 594 4408 cap.
611 4343 669 4394 tet
688 4345 711 4394 7.
