3166 4958
405 360 480 406 rins
493 361 528 406 11.
543 360 636 405 orror
648 362 682 404 n.
700 361 738 404 na
753 362 929 408 avanorms
947 367 979 410 m
995 368 1123 416 annana.
1275 356 1337 420 207

202 460 382 526 salutarem
403 460 577 525 adventum
593 460 635 525 ad
654 463 800 526 homines
823 465 1023 549 primogeniti
1048 473 1151 535 omnis
1171 483 1334 558 creaturae,

202 584 326 649 nempe
343 552 419 629 J'esu
435 563 550 629 Christi
568 565 627 650 (1).
647 590 662 624 s
1323 641 1325 645 y

234 654 549 765 „2.[ann'peliornm
563 689 717 732 nummus.
739 669 813 732 Esse
834 661 970 755 quatuor
991 673 1175 763 Evangelia,
1200 681 1337 746 Matthaei
1407 670 1435 730 ⁹¹

205 770 341 853 scilicet,
362 771 472 851 Marci,
492 770 586 834 Lucae
605 780 636 833 et
656 770 798 852 loannis,
818 793 922 856 neque
942 775 1034 859 plura
1051 800 1155 866 neque
1171 787 1336 867 pauciora,

205 879 277 935 tota
293 880 376 934 retro
394 871 524 956 agnovit
542 872 723 957 antiquitas.
747 872 822 935 llaec
839 873 1011 959 Evangelia
1024 888 1055 942 et
1071 902 1135 945 non
1152 885 1215 947 alia
1231 888 1336 951 statim

205 983 307 1061 atque
323 976 408 1038 edita
428 974 558 1038 fuerunt
575 976 613 1038 in‘
627 995 749 1039 canone
762 973 921 1060 descripta
936 977 1065 1045 luerunt
1084 992 1236 1070 tanquam
1252 987 1338 1053 divi-

207 1080 295 1142 nitus
316 1079 492 1163 inspirata3
526 1077 674 1163 adeoque
703 1078 816 1142 merito
846 1077 901 1146 SS,
925 1081 1047 1166 Patres,
1073 1086 1212 1152 Concilio
1241 1101 1337 1177 atque

206 1181 359 1245 universa
378 1181 520 1246 Ecclesia
546 1201 672 1265 semper
692 1189 846 1266 tanquam
875 1181 981 1249 divina
1012 1188 1066 1252 illa
1093 1204 1283 1277 receperunt
1307 1205 1338 1259 et
1451 1248 1454 1255 ,

206 1283 401 1368 allegarunt.
425 1282 489 1349 Etsi
506 1284 605 1365 enim,
628 1292 662 1347 ut
680 1291 857 1348 constater
877 1288 949 1350 Luc.
968 1289 994 1369 l,
1022 1292 1053 1373 l,
1072 1293 1115 1356 ab
1140 1294 1227 1359 initio
1245 1298 1337 1360 multi

206 1384 403 1468 scripserint,
421 1405 493 1469 quae
513 1384 555 1448 ab
571 1383 729 1469 Apostolis
745 1383 924 1467 audierant,
943 1391 994 1452 vel
1007 1412 1079 1476 quae
1098 1416 1210 1460 rumor
1221 1373 1337 1469 aiHie-

174 1508 177 1511 ‘
208 1484 388 1570 rosolymis,
408 1483 568 1566 aludaea,
598 1506 618 1548 a
636 1485 777 1569 Galilaea,
807 1485 849 1552 de
866 1488 988 1554 Christo
1009 1492 1050 1556 ad
1079 1517 1133 1560 eos
1157 1496 1336 1585 detulerat,

210 1596 321 1650 tamen
333 1588 442 1651 Patres
455 1596 551 1672 atque
563 1587 716 1670 Ecclesia,
726 1610 864 1674 quorum
878 1600 1003 1678 semper
1015 1595 1156 1679 prudens
1171 1600 1231 1666 luit
1242 1613 1339 1689 atque

114 1686 116 1691 ’
211 1690 433 1774 incorruptum
457 1688 641 1774 judicium,
668 1710 734 1755 non
755 1705 962 1777 susceperunt
986 1697 1044 1761 nisi
1067 1721 1138 1785 quae
1161 1703 1336 1790 Matthaeus,

210 1793 350 1874 Marem,
372 1793 473 1856 Lucas
494 1800 524 1855 et
552 1792 691 1856 loannes
720 1792 916 1859 ediderant:
938 1808 1041 1863 cetera
1062 1823 1150 1888 vero,
1175 1809 1227 1872 vel
1251 1810 1338 1895 quod

211 1893 331 1977 scripta
346 1891 388 1956 ab
404 1894 442 1957 iis
457 1902 571 1975 essent,
583 1894 645 1978 qui
662 1904 806 1958 carerent
826 1899 1023 1982 auctoritate,
1042 1905 1092 1967 vel
1116 1907 1204 1991 quod
1226 1913 1338 1975 vitium

210 1993 381 2076 haherent,
397 2004 451 2058 aut
464 2015 633 2095 nunquam·
642 1995 871 2081 probaverunt,
890 2011 944 2063 aut
960 2002 1101 2069 funditus
1115 2000 1352 2097 repudiarunt]

205 2089 210 2099 ’
257 2096 289 2159 5.
311 2097 450 2161 Ireuaeus
462 2098 510 2184 (ἓ)
531 2099 593 2162 hoo
608 2097 724 2164 diserte
740 2109 895 2165 testaturz
917 2104 1060 2191 «Neque
1080 2120 1200 2197 autem,
1223 2117 1337 2202 inquit,

211 2198 309 2282 plura
331 2219 466 2262 numero
486 2219 585 2286 quam
605 2199 673 2262 haec
696 2200 860 2299 (quatuor)
883 2214 977 2288 suut,
1004 2229 1108 2295 neque
1129 2235 1237 2280 rursus
1254 2240 1339 2303 pan-

205 2300 303 2363 'eiora
330 2300 414 2385 capit
441 2321 509 2364 esse
528 2302 713 2385 Evangelia.
739 2302 898 2384 Quoniam
922 2310 1006 2373 enirn
1030 2322 1167 2397 quatuor
1193 2323 1339 2405 regiones

209 2400 326 2466 mundi
348 2403 472 2466 suntin
496 2424 560 2497 quo
577 2425 696 2477 sumus,
723 2414 754 2469 et
777 2417 915 2492 quatuor
936 2413 1128 2499 principales
1147 2416 1285 2508 spiritus,
1309 2435 1341 2489 et

209 2502 417 2568 disseminata
434 2514 481 2568 est
496 2506 637 2570 Ecclesia
654 2527 750 2592 super
765 2529 895 2573 omnem
909 2521 1040 2598 terrum,
1058 2520 1208 2589 columna
1227 2536 1258 2590 et
1281 2526 1339 2592 fir-

210 2616 413 2672 mamentum
424 2607 572 2672 Ecclesia)
585 2601 849 2694 estEsangelium
861 2622 892 2677 et
904 2615 1037 2699 Spiritus
1051 2621 1131 2706 vitae,
1142 2645 1340 2714 consequens

210 2717 273 2791 est,
294 2719 431 2794 quatuor
454 2731 526 2775 eam
550 2711 670 2776 habere
700 2714 877 2798 columnas,
898 2717 1040 2806 undique
1061 2723 1172 2792 flantes
1190 2731 1339 2797 incorru-

211 2811 438 2897 ptibilitatem,
465 2824 495 2878 et
518 2813 714 2880 vivificantes
735 2817 893 2884 homines.
918 2822 964 2885 Ex
988 2825 1338 2910 quibusmanifestum

211 2923 272 2998 est,
296 2917 449 3001 quoniam
465 2918 521 3003 qui
538 2927 584 2981 est
603 2919 747 2983 omnium
763 2921 877 2984 artilex
892 2922 1047 3010 Verbum,
1067 2933 1123 3014 qui
1142 2932 1231 2998 sedet
1243 2959 1339 3022 super

138 3099 140 3101 ι
211 3015 400 3100 Cherubim,
417 3027 449 3081 et
464 3019 603 3082 continet
617 3020 736 3103 omniu,
755 3019 934 3086 declaratus
951 3025 1134 3095 hominibus
1146 3033 1234 3100 dedit
1246 3038 1340 3103 nobis

211 3117 435 3205 quadriforme
451 3121 672 3206 Evangelium,
688 3122 776 3210 quod
790 3145 856 3188 uno
871 3127 980 3209 spiritu
997 3133 1186 3200 continetur.
1204 3164 1218 3198 »
1237 3138 1339 3204 Euse-

211 3221 287 3286 bius
305 3222 353 3308 (ὅ)
377 3232 515 3310 quatuor
541 3224 690 3307 Matthaei,
713 3225 822 3308 Marci,
844 3227 936 3291 Lucae
963 3238 995 3292 et
1017 3231 1148 3299 loannis
1167 3237 1339 3326 Evangelia

204 3333 309 3389 'vocat
325 3347 448 3391 sacram
472 3326 718 3412 Evangeliorum
739 3326 940 3414 quadrigam.
958 3331 1058 3398 Addit
1077 3338 1249 3406 Primasius
1265 3345 1337 3430 (4):

215 3453 232 3487 a
263 3428 342 3493 Cum
365 3430 509 3494 onmium
531 3451 631 3495 unum
654 3432 692 3495 sit
714 3432 934 3518 Evangelium,
960 3435 1032 3504 ideo
1056 3453 1194 3527 quatuor
1217 3450 1340 3532 princi-

212 3530 330 3615 paliter
341 3530 612 3618 demonstrantur,
621 3542 753 3619 propter
764 3545 902 3620 quatuor
913 3538 1051 3622 paradisi
1063 3542 1208 3631 flumina,
1224 3550 1340 3636 quihus

212 3631 303 3698 orbis
318 3633 441 3719 irrigari
462 3634 597 3699 traditur
617 3637 794 3721 universus,
810 3639 889 3703 sicut
912 3641 1025 3707 horum
1046 3647 1270 3730 praedicatione
1286 3655 1339 3717 in-

212 3733 384 3805 struendus
396 3745 480 3801 totus
493 3735 633 3801 creditur
643 3737 793 3803 mundus.
812 3740 976 3828 Siquidem
993 3747 1133 3813 Ecclesia
1148 3773 1230 3837 saepe
1242 3776 1339 3839 para·

212 3837 303 3903 dnus
322 3840 424 3924 accipi
440 3840 530 3904 solet.
551 3866 582 3901 »¹

250 4059 287 4123 (l)
299 4059 336 4110 lte
346 4056 528 4123 'significatione
536 4061 604 4111 vocis
616 4060 743 4126 Evangelii
753 4064 826 4115 docte
837 4065 948 4129 disputat
960 4067 1122 4133 immoratus,
1135 4072 1215 4142 Pras.
1231 4077 1258 4127 in
1270 4077 1335 4129 Eoo.

214 4142 278 4205 cap.
296 4140 318 4192 1.
1191 4151 1193 4155 ’
1250 4149 1252 4155 ’

250 4223 286 4288 (Ξ)
300 4225 400 4276 Contra
416 4225 479 4280 her.
494 4227 534 4290 lll,
548 4229 578 4291 11,
592 4230 616 4281 8.
674 4228 676 4232 ’

250 4307 287 4373 (5)
302 4307 369 4359 flur.
384 4310 455 4363 Eccl.
468 4309 510 4372 lll,
524 4311 569 4377 23..

250 4391 288 4455 (t)
296 4382 439 4443 ‘columma¹
455 4393 483 4443 in
494 4393 574 4461 Apoo.
587 4394 628 4448 lv.
