3132 4964
413 367 525 412 rausa.
540 366 633 409 carus
650 367 713 410 xva.
731 367 770 408 ne
785 367 874 409 urnae
887 366 1062 409 sanamur.
1241 346 1304 410 155

167 466 205 531 in
220 487 302 529 novo
318 467 532 545 Testameuto,
551 462 620 549 ejus
637 473 744 527 tamen
765 463 862 530 verba
885 485 948 527 non
964 465 1062 526 semel
1081 464 1260 549 allegantur
1283 486 1302 528 a

168 567 205 629 S.
219 566 320 629 Paulo
329 564 389 652 (l).
403 565 510 629 Sancti
523 565 633 628 Patres
647 563 833 650 frequenter
844 564 1023 650 allegarunt
1039 563 1158 629 librum
1173 565 1303 651 Sapien-

169 669 223 732 tia
245 677 400 754 tanquam
424 667 581 733 divinum.
610 667 697 729 Inter
716 688 770 730 eos
791 665 977 730 nominandi
1003 676 1075 729 suut
1100 666 1133 730 S.
1155 666 1301 731 Clemens

169 775 350 854 Romanus,
366 771 398 836 S.
417 770 594 852 Barnabas,
610 770 642 834 S.
657 771 810 854 Justinus,
826 771 880 857 qui
896 793 936 834 ex
948 770 1109 855 Sapientia
1125 790 1302 855 argumen-

171 883 258 938 tatur
271 883 381 938 contra
393 872 532 957 ludaeos,
546 874 579 937 S.
596 874 799 958 Hippolytus,
816 874 849 937 S.
865 874 985 957 Melite,
1002 873 1148 937 Clemens
1161 871 1301 937 Alexan-

171 975 296 1060 drinus,
320 976 532 1040 Tertullianus
556 985 587 1039 et
615 975 647 1038 S.
672 975 846 1062 Cyprianus
871 977 926 1062 qui
949 976 1048 1039 verba
1071 976 1148 1060 Sap.
1175 977 1232 1059 III,
1260 977 1301 1040 ld

170 1080 315 1144 referens
338 1079 382 1143 ait
409 1100 416 1142 :
443 1102 458 1138 a
483 1079 545 1142 Per
568 1078 775 1142 Salomonem
798 1078 932 1163 Spiritus
955 1078 1089 1142 Sanetus
1112 1076 1248 1141 ostendit
1271 1088 1302 1142 et

171 1182 316 1266 praecinit
336 1180 445 1246 dicens
464 1204 472 1244 ε
494 1190 555 1246 ete.
579 1207 593 1242 a
618 1181 796 1245 Concinunt
813 1181 978 1263 Eusebius,
1004 1180 1037 1245 S.
1063 1179 1254 1245 Athanasius
1271 1189 1303 1245 et

171 1283 205 1346 S.
221 1283 371 1366 Hilarius,
389 1282 444 1369 qui
457 1281 521 1348 duo
535 1286 725 1369 posteriores
737 1283 779 1348 ad
792 1284 987 1370 Sapientiam
999 1293 1176 1369 provocant
1191 1292 1301 1348 eontra

171 1385 308 1450 Arianos
339 1385 399 1473 (Ι).
435 1387 649 1472 Hieronymus
680 1386 811 1473 quidem
838 1396 969 1452 testatur
999 1387 1194 1472 Sapientiam
1218 1388 1301 1450 inter

171 1490 352 1574 Scripturas
364 1490 534 1554 canonicas
548 1511 612 1554 uon
625 1491 796 1571 recenseri,
812 1499 951 1554 attamen
964 1491 997 1553 in
1015 1491 1251 1554 commentariis
1266 1490 1298 1552 in

171 1592 229 1664 Is,
247 1589 317 1674 Oa,
336 1591 447 1654 Erech.
466 1599 497 1655 et
513 1590 590 1654 alibi
607 1591 719 1677 sapius
742 1592 860 1676 allegat
883 1592 1001 1656 librum
1026 1593 1193 1677 Sapientia
1214 1592 1300 1656 velut

171 1694 252 1757 alios
274 1694 443 1778 Scriptura
463 1693 561 1757 libros
585 1694 707 1779 ipsique
728 1692 875 1758 eamdem
893 1716 931 1758 ae
951 1697 1064 1759 ceteris
1079 1695 1298 1759 auctoritatem

171 1796 293 1860 tribuit.
318 1797 388 1860 Imo
406 1799 438 1858 in
461 1799 575 1859 darem.
602 1807 766 1861 auctorem
785 1797 952 1882 Sapientia
970 1798 1160 1884 prophetam
1176 1808 1297 1862 vocate

173 1925 188 1958 a
208 1900 280 1962 Alio
294 1899 452 1984 Propheta
473 1899 625 1986 loquente
642 1923 649 1961 z
669 1903 739 1962 cani
752 1911 833 1971 sunt,
851 1909 912 1964 etc.
927 1901 976 1985 (ὅ)
993 1928 1007 1961 »

216 2003 247 2066 7.
266 2003 376 2065 Merito
390 2003 485 2087 igitur
496 2002 529 2066 S.
543 2001 736 2087 Augustinus
751 2024 824 2067 eum
837 2005 932 2066 variis
944 2004 1092 2068 Conciliis
1103 2003 1298 2088 Sapientiam

171 2105 206 2167 in
223 2126 344 2168 canone
364 2105 496 2190 recepit,
516 2114 547 2168 et
566 2103 718 2168 adversus
738 2105 926 2189 Pelagianos
941 2104 1042 2168 dixit:
1064 2130 1078 2163 a
1100 2105 1171 2169 Nou
1189 2103 1300 2170 debuit

171 2206 336 2292 repudiari
360 2208 514 2272 sententia
548 2207 621 2271 libri
656 2207 846 2292 Sapientiae,
882 2208 936 2293 qui
959 2208 1076 2271 meruit
1097 2208 1129 2270 in
1158 2208 1299 2272 Ecclesia

152 2310 156 2317 ’
170 2309 287 2374 Christi
300 2319 365 2373 tam
380 2311 476 2395 longa
498 2310 675 2374 annositate
691 2310 818 2373 recitari
835 2320 865 2373 et
882 2310 923 2374 ab
941 2308 1088 2374 omnibus
1108 2311 1298 2395 christianis,

170 2413 216 2478 ab
232 2414 386 2501 episcopis
405 2434 507 2500 usque
525 2411 567 2477 ad
580 2421 737 2476 extremos
750 2414 847 2478 laicos
861 2411 981 2496 fideles,
999 2413 1197 2498 prenitentes,
1213 2425 1299 2479 eate-

171 2517 349 2580 chumenos
372 2536 446 2579 cum
465 2516 671 2580 veneratione
700 2514 815 2580 divina
841 2516 1037 2580 auctoritatis
1065 2515 1210 2579 audiri...
1237 2517 1299 2598 Qui

171 2619 334 2682 sententiis
347 2625 553 2691 tractatorum
565 2618 676 2682 instrui
690 2619 812 2700 volunt,
829 2628 964 2702 oportet,
978 2627 1014 2681 ut
1025 2617 1119 2681 istum
1131 2617 1299 2703 Sapientia

171 2721 304 2805 librum,
318 2720 373 2785 ubi
386 2721 501 2806 legitur
513 2732 619 2805 raptus
632 2732 685 2794 est,
700 2743 737 2783 ne
748 2720 866 2784 paulitio
882 2732 1012 2784 arctaret
1028 2719 1207 2784 intellectam
1220 2722 1297 2805 ejus,

172 2823 321 2888 omnibus
333 2822 556 2888 tractatoribus
568 2831 775 2908 anteponant,
789 2822 941 2907 quoniam
953 2843 1029 2885 eum
1041 2809 1100 2885 sibi
1113 2831 1301 2906 anteposue-

168 2935 247 2989 runt
265 2925 360 2989 etiam
376 2925 575 3010 temporibus
592 2926 744 3010 proximis
762 2924 989 3009 Apostolorum
1009 2925 1128 3009 egregii
1144 2933 1300 2987 tractato-

169 3049 235 3111 res,
254 3028 308 3115 qui
324 3050 398 3092 eum
415 3038 527 3093 testem
543 3027 743 3110 adhibentes,
766 3025 845 3089 nihil
867 3047 898 3090 se
919 3025 1058 3090 adbibere
1080 3028 1143 3090 nisi
1163 3026 1300 3089 diuinum

169 3130 390 3195 testimouium
409 3128 642 3216 crediderunt(
667 3129 691 3216 )
711 3157 725 3191 »

203 3308 518 3396 incastraturam
532 3329 602 3379 eom.
619 3328 638 3399 1,
655 3329 747 3383 u-aa:
763 3326 1012 3392 Sentinatem
1027 3327 1102 3377 ater.
1118 3327 1138 3389 r,
1155 3330 1180 3380 a.

204 3411 240 3476 (2)
253 3412 278 3463 S.
291 3410 417 3472 Clemens,
429 3410 445 3462 I
453 3412 489 3461 ad
500 3410 561 3462 Cor.
580 3410 622 3470 aa
638 3411 664 3462 S.
684 3410 815 3472 Barnabas,
832 3411 917 3474 Epist.
935 3409 959 3468 a
976 3411 1003 3461 S.
1015 3411 1139 3473 tustinus,
1153 3412 1221 3462 Diat.
1239 3426 1298 3463 cum

171 3492 263 3557 Triph.
281 3506 368 3543 versus
381 3492 436 3555 flua
453 3494 479 3543 S.
498 3491 657 3555 Hippolytus,
673 3491 739 3542 Actu.
753 3491 865 3560 ledeos,
879 3492 904 3553 9;
920 3493 947 3543 S.
965 3492 1058 3542 Melite.
1076 3493 1174 3544 Cluuia.
1195 3493 1297 3545 Potrot.

168 3588 212 3642 pr.
227 3575 257 3635 V,
270 3573 342 3633 {aaa
360 3574 477 3625 Clemens
486 3574 557 3624 Alex.
571 3574 676 3639 Padup.
688 3573 707 3633 l,
717 3575 742 3636 83
754 3573 784 3633 ll,
802 3575 826 3636 l;
843 3574 940 3625 Strom.
953 3574 984 3635 tl,
1000 3574 1024 3637 h,
1036 3575 1214 3637 Tertullianus,
1228 3575 1297 3626 Ado.

173 3655 276 3709 Valent.
288 3654 314 3719 23
330 3656 356 3706 S.
369 3655 519 3719 Gyprtanus,
536 3656 618 3720 Epist.
632 3657 667 3707 ad
681 3657 790 3706 Fortun.
810 3656 861 3718 aa.;
877 3657 1011 3718 Eusebius,
1024 3659 1052 3708 in
1064 3657 1163 3707 Psctm.
1175 3658 1191 3708 9
1204 3665 1232 3708 et
1242 3672 1301 3722 pas-

166 3738 228 3801 sim3
241 3737 268 3788 S.
281 3737 441 3799 Athanasius,
455 3738 529 3787 Orat.
541 3742 633 3788 eontra
645 3742 712 3804 pent.
733 3739 761 3788 ll
777 3744 803 3788 et
817 3738 919 3801 passim
936 3740 962 3790 S.
977 3738 1137 3800 hilarissat
1152 3738 1224 3790 Prot.
1245 3738 1301 3802 1273

168 3827 224 3872 etc.

201 3904 240 3968 (ὅ)
250 3903 307 3955 tid.
320 3903 420 3955 Potrot.
431 3903 476 3955 lat.
487 3916 502 3955 a
513 3904 597 3969 lligue
606 3904 699 3956 editam
711 3910 730 3954 t.
743 3903 827 3961 xxiv,
837 3904 879 3965 59,
889 3904 947 3963 att.
960 3905 1018 3961 533,
1031 3905 1088 3963 tlt,
1101 3904 1159 3964 ets,
1173 3902 1233 3964 615,
1244 3903 1302 3972 6833

164 3987 244 4048 XXV,
257 3985 316 4048 lto,
328 3985 388 4046 sm,
401 3986 460 4047 878,
475 3985 534 4046 899,
547 3986 606 4046 aaa
621 3985 705 4046 xxvi,
719 3986 776 4045 547,
788 3985 837 4035 450
852 3992 878 4035 ct
894 3986 995 4048 mutor.

199 4068 238 4132 ll)
249 4066 286 4117 Da
301 4066 425 4117 Proedest.
442 4066 533 4117 Senot.
550 4067 589 4116 ll.
608 4066 769 4117 Difficultates
784 4080 842 4129 qua
858 4079 889 4117 ex
906 4067 1024 4117 Patribus
1040 4065 1094 4117 sieri
1112 4072 1213 4129 possent
1226 4065 1302 4117 solvi-

163 4165 225 4205 mus
235 4150 264 4200 in
275 4147 377 4211 letrau,
388 4161 446 4214 pen.
465 4161 520 4212 cap.
535 4147 576 4200 ΙΙΙ.

587 4237 896 4386 w,
