3168 4948
251 316 315 380 522
481 336 681 379 mraonnorro
697 336 844 379 seranus
860 337 892 378 m
909 336 934 379 s.
953 337 1153 384 samaritana.

690 541 855 623 CAPUT
883 545 929 623 V.

458 798 496 840 aa
518 796 750 848 ouaruoanaem
772 798 798 841 s.
825 798 914 841 raon
935 770 1083 843 rrrsroars
1106 779 1166 865 (l).

526 999 557 1061 l.
586 997 618 1063 V
617 1000 666 1061 itm
688 996 787 1060 Pauli
808 997 904 1062 breuis
925 997 1096 1063 delineatio.

297 1217 328 1279 l.
350 1216 480 1297 Paulus,
502 1224 595 1278 antea
611 1214 725 1278 Saulus
745 1212 848 1278 dictus
863 1214 922 1301 (2),
942 1217 1041 1299 Tarsi,
1062 1216 1176 1281 Ciliciae
1193 1220 1377 1304 metropoli,

254 1329 345 1384 natus
362 1329 407 1383 est
425 1341 462 1382 ex
485 1319 671 1404 parentibus
688 1316 822 1381 hebreis
839 1317 880 1382 de
896 1318 982 1383 tribu
996 1318 1177 1405 Benjamin,
1197 1330 1228 1385 et
1243 1322 1275 1385 vi
1291 1324 1377 1386 nati-

253 1423 356 1487 vitatis
365 1422 420 1508 jus
437 1423 513 1486 civis
528 1421 652 1485 romani
672 1419 805 1506 adeptus
825 1430 871 1485 est
886 1420 946 1508 (5).
968 1423 1006 1485 ln
1028 1430 1136 1486 tenera
1157 1422 1264 1488 adhuc
1287 1433 1379 1487 aetate

252 1526 482 1610 lerosolymam
502 1522 658 1588 deductus
686 1533 755 1608 est,
775 1524 832 1587 ubi
852 1524 939 1609 apud
963 1546 1105 1588 sororem
1130 1527 1307 1608 enutritus,
1334 1524 1377 1590 ad

253 1626 350 1712 pedes
363 1626 557 1709 Gamalielis,
572 1648 589 1688 e
602 1634 685 1690 secta
698 1626 940 1711 pharisaeorum,
951 1627 985 1709 in
999 1627 1069 1712 lege
1084 1628 1221 1691 Mosaica
1237 1638 1268 1691 et
1280 1626 1379 1691 tradi-

153 1715 156 1721 *
253 1729 391 1794 tionibus
407 1729 567 1816 majorum
580 1728 720 1793 eruditus
737 1729 808 1793 luit.
826 1729 927 1794 Simul
940 1739 1059 1814 autem,
1076 1751 1165 1794 more
1177 1728 1376 1814 Judaeorum,

253 1835 346 1897 alicui
372 1834 443 1916 arti,
473 1834 709 1898 scenofactoriae
732 1833 862 1915 seilicet,
891 1831 1092 1897 addiscenda
1113 1855 1224 1897 curam
1247 1835 1377 1919 impen-

252 1935 359 2000 debat.
385 1935 596 2000 Paternarum
619 1945 725 1999 antem
752 1934 958 2000 traditionum
987 1946 1019 2000 et
1040 1937 1131 2021 Legis
1154 1934 1236 2000 adeo
1259 1936 1378 2000 ardens

253 2040 351 2102 extitit
378 2040 555 2120 aemulator,
575 2048 610 2102 ut
636 2047 818 2101 nascentem
838 2038 951 2102 Christi
974 2038 1148 2102 Ecclesiam
1173 2037 1378 2128 acerbissime

253 2151 508 2227 persequeretur.
538 2142 630 2205 Morti
659 2142 898 2226 protomartyris
927 2141 1079 2224 Stephani
1108 2139 1212 2204 adfuit
1237 2142 1322 2204 testis
1347 2151 1378 2205 et

253 2253 357 2307 custos
384 2244 517 2307 vestium
544 2264 656 2306 eorum
675 2243 730 2328 qui
751 2243 949 2326 Stephanum
970 2240 1156 2326 lapidabant
1175 2241 1235 2327 (4).
1254 2241 1378 2306 Deinde

253 2347 284 2408 in
308 2347 550 2430 persecutione,
581 2366 652 2432 quae
676 2345 828 2431 Stephani
852 2354 988 2408 mortem
1017 2345 1184 2409 subsecuta
1207 2355 1276 2426 est,
1309 2342 1378 2430 ipse

252 2449 423 2513 devastabat
442 2448 606 2513 Ecclesiam
618 2471 675 2533 per
691 2449 793 2512 domas
810 2451 942 2521 intrans,
960 2459 988 2510 et
1004 2447 1126 2513 trahens
1145 2451 1226 2512 airas
1247 2471 1281 2511 ac
1305 2471 1377 2512 mu-

219 2610 221 2615 .
253 2552 340 2615 lieres
357 2552 491 2615 tradebat
507 2555 539 2614 iu
554 2552 718 2616 aristodium
732 2549 791 2636 (5).

297 2656 328 2719 2.
346 2655 445 2718 Porro
466 2655 583 2718 Paulus
604 2680 618 2713 a
641 2656 764 2739 spirans
791 2656 951 2719 minarum
972 2665 1002 2719 et
1030 2654 1123 2720 caedis
1150 2658 1182 2719 in
1206 2653 1378 2740 discipulos

253 2757 380 2820 Domini
395 2783 409 2817 t>
428 2756 583 2841 pergebat
597 2758 629 2820 in
645 2759 849 2839 Damascum,
869 2759 1037 2844 acceptisa
1052 2778 1177 2821 summo
1193 2755 1377 2822 Judaeorum

180 2896 183 2901 ·
253 2858 401 2944 pontifice
423 2860 532 2923 litteris
560 2857 712 2924 advorsus
735 2858 933 2924 christianos.
962 2860 1068 2940 Quum
1092 2869 1198 2923 autem
1214 2859 1285 2945 jam
1309 2860 1378 2924 Da-

251 2984 360 3033 masco
381 2984 482 3047 prope
499 2962 633 3045 adesset,
652 2962 755 3027 subito
786 2962 995 3027 circumfulsit
1020 2954 1095 3025 eum
1115 2963 1243 3046 copiosa
1260 2963 1322 3025 lux·
1334 2960 1376 3025 de

253 3065 344 3129 coelo.
362 3067 400 3128 Et
414 3063 532 3129 cadens
548 3065 713 3128 interram
731 3063 851 3128 audivit
863 3085 976 3147 rocem
991 3062 1151 3127 dicentem
1168 3063 1226 3127 sibi
1244 3085 1252 3125 t
1266 3062 1374 3145 Saule,

253 3166 360 3248 Saule,
381 3164 459 3252 quid
477 3187 529 3229 mo
556 3165 785 3251 persequeris?
808 3166 868 3246 Qui
889 3163 989 3229 dixit:
1015 3166 1138 3251 quises
1157 3166 1319 3229 Domine?
1338 3166 1378 3229 Et

253 3268 335 3330 illo:
365 3270 432 3352 Ego
453 3290 524 3331 sum
546 3268 660 3350 lesus,
687 3289 784 3354 quem
807 3277 842 3331 tu
865 3270 1082 3353 persequeris,
1107 3266 1224 3332 durum
1249 3279 1295 3333 est
1318 3268 1376 3333 tibi

254 3379 364 3433 contra
392 3371 556 3433 stimulum
587 3370 764 3434 calcitrare.
790 3371 827 3432 Et
850 3379 989 3434 tremens
1013 3392 1051 3435 ac
1075 3380 1218 3456 stupenS,
1251 3361 1374 3435 interna

252 3471 365 3534 Christi
393 3473 494 3555 gratia
509 3482 649 3536 mentem
670 3473 738 3558 ejus
755 3482 982 3555 commutante,
999 3473 1078 3538 dixit
1098 3499 1106 3536 ε
1126 3475 1271 3557 Domine,
1298 3473 1376 3561 quid

253 3591 304 3633 mo
322 3574 368 3636 vis
391 3572 498 3637 faeere
510 3572 526 3635 2
540 3575 578 3637 Et
593 3575 746 3638 Dominus
759 3574 801 3639 ad
823 3596 896 3639 eum
912 3596 920 3637 t
939 3574 1040 3659 Surge
1063 3583 1093 3638 et
1108 3574 1275 3660 ingredere
1294 3577 1377 3640 civi-

286 3792 321 3854 (t)
340 3790 392 3842 Cir.
411 3791 508 3849 listins,
527 3791 665 3843 Commeat.
679 3792 707 3841 tn
720 3792 805 3858 Epist.
823 3791 908 3851 Pauli,
925 3790 1001 3840 Duaci
1018 3789 1090 3848 tota
1107 3790 1237 3842 Cornelias
1251 3806 1265 3842 a
1281 3791 1376 3856 Lepide

252 3873 415 3923 et'Catmetus
427 3873 454 3922 in
466 3873 520 3923 suis
536 3875 745 3932 Commentariis·
761 3873 855 3933 Danko,
868 3872 984 3922 Historia
999 3871 1103 3922 revelat.
1124 3872 1219 3923 diotae
1231 3873 1263 3923 Ν.
1278 3873 1304 3925 Τ.
1315 3871 1331 3938 5
1343 3873 1377 3923 65

251 3968 308 4018 sqq.
321 3955 482 4015 Vindobona,
505 3954 578 4015 18673
595 3955 675 4006 Draeh
689 3963 715 4006 et
729 3956 811 4018 Baple,
827 3955 872 4006 les
889 3954 995 4019 Epitres
1009 3956 1039 4005 de
1056 3954 1083 4007 S.
1107 3954 1182 4006 Paul.
1204 3955 1283 4019 Paris,
1300 3954 1375 4013 18723

252 4043 278 4084 et
294 4037 432 4097 generatim
443 4035 644 4088 lntmduetiones
655 4038 681 4088 in
697 4039 724 4089 N.
742 4039 770 4087 T.

285 4116 321 4180 (t)
331 4119 389 4168 Art.
405 4116 468 4177 xlll,
484 4118 510 4169 9.

284 4198 319 4261 (5)
333 4201 391 4250 Art.
402 4199 476 4261 xxti.
487 4199 571 4252 27-29.

286 4281 321 4344 (l)
332 4281 390 4331 Act.
400 4280 452 4342 Vll,
466 4283 506 4332 57.

286 4361 320 4426 (5)
331 4363 388 4414 Act.
403 4361 464 4425 Vltl,
483 4367 537 4416 1-5.
