3168 4948
308 327 371 391 282
537 348 736 390 rnraouucrso
754 349 901 391 sracrsms
914 349 946 390 m
965 349 991 391 s.
1008 348 1206 393 scararum.

305 446 466 509 nonnullis
484 444 646 511 codicibus
659 430 791 528 desunt,
810 449 880 533 quis
902 445 1015 512 exinde
1031 446 1201 512 contendet
1218 447 1316 511 libros
1339 447 1428 510 iute-

304 568 378 632 gros
395 569 461 612 esse
479 547 680 632 rejiciendos,
706 558 762 613 aut
782 546 957 634 rejicienda
979 571 1046 614 esse
1071 550 1176 615 omnia
1205 550 1272 632 illa,
1297 570 1369 633 quae
1393 551 1428 612 in

305 649 452 714 omnibus
468 649 631 715 codicibus
646 649 760 717 eodem
777 652 871 736 plane
888 649 985 716 modo
1002 650 1185 716 habentur?
1196 649 1317 715 Eodem
1329 651 1429 733 igitur

298 750 373 836 jure
390 762 421 816 et
439 773 497 817 nos
514 773 754 838 propugnamus
764 755 937 838 Evangelia
952 754 985 817 in
997 763 1063 818 toto
1077 774 1141 818 non
1163 775 1231 817 esse
1249 751 1425 837 rejicienda

304 876 342 920 eo
366 853 453 941 quod
471 853 620 941 quadam
638 865 744 941 partes
758 857 790 920 in
812 856 971 941 aliquibus
987 854 1149 921 codicibus
1162 853 1321 919 deficiant.
1339 853 1428 917 Illud

305 967 458 1043 praeterea
492 980 624 1024 monere
648 960 742 1045 juvat
771 959 896 1023 facilius
922 957 1118 1022 credendum
1144 958 1231 1022 hunc
1256 957 1307 1029 vel
1332 957 1428 1020 illum

305 1070 425 1125 textum
449 1082 468 1124 a
491 1063 652 1126 nonnullis
674 1061 836 1126 codicibus
859 1061 1034 1143 excidisse,
1069 1070 1124 1125 aut
1148 1061 1181 1124 in
1203 1060 1254 1150 eis
1273 1060 1429 1124 omissum

305 1163 401 1228 fuisse
422 1163 464 1228 ob
488 1165 631 1250 aliquam
654 1185 802 1247 causam,
828 1165 894 1229 sive
916 1173 1024 1228 notam
1048 1165 1112 1227 sive
1136 1164 1299 1245 latentem,
1325 1182 1428 1248 quam

305 1265 455 1330 eumdem
489 1267 521 1330 in
556 1267 701 1352 pluribus
733 1267 896 1333 codicibus
919 1265 1081 1352 adjectum
1107 1266 1213 1330 fuisse.
1239 1265 1296 1328 His
1318 1265 1431 1350 positis

207 1371 211 1377 ’
304 1387 457 1452 negamus
485 1368 555 1432 loca
590 1390 686 1453 supra
714 1378 900 1433 enumerata
927 1370 960 1432 in
982 1368 1161 1453 Evangeliis
1188 1366 1284 1430 luisse
1313 1375 1427 1451 postea

304 1470 432 1546 inserta.
543 1536 545 1539 ,
647 1458 649 1463 ’

228 1576 231 1582 ’
349 1572 631 1638 analabus
654 1574 761 1658 priora
787 1576 923 1639 Matthaei
948 1578 1052 1660 capita
1073 1585 1183 1659 postea
1206 1572 1332 1660 adjecta
1349 1573 1432 1637 lue*

304 1683 389 1738 runt.
414 1675 552 1740 Decrant
575 1677 716 1750 enimin
739 1679 956 1763 antiquissimo
980 1678 1199 1744 Ebionitarum
1226 1677 1428 1761 Euangeli03

304 1777 429 1841 Marcus
454 1779 509 1863 qui
533 1799 639 1863 presse
667 1780 849 1843 Matthaeum
869 1779 1088 1846 abbreviando
1114 1782 1255 1867 sequitur
1279 1779 1360 1845 nibil
1383 1777 1430 1842 de

302 1880 367 1944 istis
381 1881 537 1965 capitibus
557 1882 665 1965 habet;
680 1882 823 1966 Apostoli
837 1884 870 1946 iu
886 1886 951 1948 sais
965 1884 1104 1969 epistolis
1122 1893 1153 1947 et
1173 1882 1205 1947 ia
1226 1903 1283 1946 sua
1303 1879 1429 1967 praedi-

301 1984 426 2050 catione
455 2006 619 2071 nunquam
644 1985 686 2051 ad
710 1988 874 2051 historiam
902 1989 1043 2054 infantiae
1067 1989 1239 2054 Salvatoris
1262 2008 1429 2073 provoca-

301 2097 386 2151 runt.

213 2220 233 2293 p
344 2190 396 2254 lo.
410 2191 500 2275 Resp.
519 2192 590 2256 Duo
606 2193 714 2277 priora
729 2193 867 2258 Matthaei
885 2193 989 2277 capita
1003 2191 1043 2256 ad
1060 2202 1181 2258 textmn
1196 2192 1426 2278 primigenium

204 2274 210 2293 ’
266 2245 459 2376 Γρθτῑίυοτο
486 2295 633 2378 plurimis
659 2280 854 2380 argumentis
900 2295 1007 2360 robari
1032 2304 1145 2381 potest.
1163 2296 1288 2382 Etenim
1310 2315 1429 2360 omnes

298 2396 437 2480 antiquar
449 2398 623 2480 versiones,
638 2399 725 2482 itala,
739 2318 1013 2495 syriacabiimplex
1025 2407 1057 2463 et
1066 2368 1289 2483 Cuidtbniana,
1298 2398 1425 2483 coptica

298 2507 329 2562 et
350 2482 826 2590 sabidicbomuesqu‘e'codibes
847 2502 1000 2589 unciales,
1017 2500 1082 2566 duo
1096 2501 1152 2565 illa
1166 2502 1271 2587 capita
1287 2491 1457 2600 babeuffl

297 2593 482 2685 Excipiendi
510 2601 712 2666 solummodo
736 2612 809 2666 sunt
832 2604 877 2666 illi
900 2602 1038 2688 codices,
1056 2603 1112 2690 qui
1134 2605 1266 2668 lacunas
1287 2603 1424 2686 babent,

298 2702 349 2764 vel
364 2703 585 2788 genealogiam
608 2725 628 2767 a
646 2706 771 2790 reliqua
791 2707 887 2790 primi
907 2707 1018 2792 capitis
1033 2717 1123 2792 parte
1138 2716 1301 2792 separant.
1317 2708 1355 2770 ln
1372 2707 1428 2770 bis

203 2830 207 2843 ¹
297 2812 409 2887 tamen
428 2806 551 2892 reliqua
584 2806 660 2891 pais
688 2809 783 2892 primi
813 2810 924 2894 capitis
948 2793 979 2873 el
1001 2819 1103 2874 totum
1125 2816 1222 2895 caput
1245 2808 1426 2875 secundum

108 2938 126 2965 a
156 2905 175 2983 ’χ
203 2952 230 2979 .,
253 2964 261 2973 .
297 2906 446 2972 habetur.
463 2908 621 2973 Preterea
637 2911 692 2974 illa
708 2910 772 2975 duo
790 2912 894 2997 capita
911 2913 1092 2997 allegantur
1107 2912 1150 2977 ab
1164 2913 1303 2998 antiquis
1315 2913 1427 2977 Parri-

289 3008 369 3089 bus,
387 3011 525 3095 Jrrstiuo,
541 3012 675 3095 Irenaeo,
698 3013 905 3095 Tertulliano,
923 3015 1004 3079 aliis.
1022 3016 1093 3078 lmo
1108 3014 1217 3079 Gelam
1231 3012 1271 3077 ad
1293 3015 1349 3078 ista
1366 3036 1426 3078 ca-

297 3111 362 3196 pita
379 3123 544 3196 provocat.
563 3113 745 3197 Africanus,
760 3117 889 3180 incunte
906 3117 1022 3181 saeculo
1036 3117 1140 3198 tertio,
1154 3117 1197 3180 ita
1214 3114 1255 3180 de
1271 3116 1425 3201 genuini·

297 3223 362 3278 tate
375 3216 507 3280 istorum
521 3218 660 3301 capitum
673 3239 842 3303 persuasus
854 3228 934 3302 erat,
949 3229 984 3283 ut
995 3220 1152 3304 prolixam
1169 3217 1436 3284 dissertationem·
1555 3198 1565 3269 .¹

297 3315 450 3382 scriberet
483 3317 525 3382 ad
561 3318 796 3385 conciliandam
831 3322 968 3399 llatthaei
1002 3321 1224 3407 genealogiam
1259 3341 1333 3385 cum
1365 3322 1423 3385 illa

299 3418 391 3482 Lucoe
403 3419 463 3504 (l).
482 3419 575 3485 Unde
586 3431 673 3506 patet
688 3424 804 3488 saeculo
819 3422 961 3488 secundo
972 3433 1004 3487 et
1015 3423 1106 3488 tertio
1122 3423 1272 3488 omnibus
1286 3445 1426 3509 persua-

63 3568 67 3577 ,
114 3608 118 3615 Ι
238 3526 256 3607 ᾗ»
299 3521 457 3586 sissimum
473 3523 570 3587 fuisse
593 3525 648 3590 illa
665 3527 769 3610 capita
786 3547 854 3593 esse
870 3492 1130 3637 genuiaffluod
1151 3535 1258 3590 autem
1283 3527 1423 3611 Marcus,

298 3625 436 3689 Matthaei
461 3626 676 3713 abbreviator,
702 3631 781 3695 nibil
808 3630 849 3695 de
878 3631 943 3695 istis
966 3631 1122 3716 capitibus
1144 3630 1275 3712 habeat,
1299 3630 1425 3694 nullam

298 3726 518 3795 difficultatem
533 3732 648 3817 ingerit
662 3757 671 3815 3
697 3733 855 3819 siquidem
870 3734 964 3820 plura
980 3734 1042 3798 alia
1056 3732 1142 3819 apud
1158 3733 1342 3798 Mattheum
1358 3733 1426 3797 lra-

297 3831 427 3921 bentur‚
442 3843 478 3897 ut
492 3855 523 3898 v.
541 3855 573 3920 g.
592 3856 696 3900 sermo
721 3838 754 3900 in
778 3846 899 3920 monte,
914 3851 985 3922 que
1002 3836 1127 3901 Marcus
1153 3836 1278 3900 silentio
1292 3823 1438 3925 premit]
1556 3878 1560 3885 ·

109 3959 133 3981 ν
197 3903 231 4009 Γ
268 3913 454 4025 [Ebionitoe
470 3936 601 4022 quidem
625 3936 690 4002 duo
709 3941 815 4025 priora
831 3939 968 4003 Matthaei
992 3938 1098 4024 capita
1116 3936 1332 4020 abscideram,
1347 3939 1425 4024 quia

331 4194 367 4258 (l)
378 4197 404 4249 S.
416 4196 521 4260 lustin,
534 4197 612 4264 Apol.
625 4198 645 4261 1,
655 4200 740 4261 boob
752 4199 820 4250 Dial.
835 4200 877 4261 88,
890 4200 947 4262 100,
962 4199 1019 4263 loa,
1033 4199 1090 4262 1053
1103 4199 1180 4261 lreu„
1194 4198 1368 4266 Convetor.
1379 4198 1425 4261 lli,

298 4277 341 4340 111,
360 4277 384 4338 a
402 4279 520 4341 tertull,
535 4280 603 4333 Ado.
618 4281 748 4333 Marcion.
769 4282 799 4343 V,
815 4282 841 4342 93
857 4281 977 4346 African„
996 4282 1095 4334 Patrai.
1111 4296 1153 4350 gr.
1167 4282 1199 4345 X,
1217 4282 1258 4347 aa
1274 4281 1365 4336 Celsus
1380 4295 1425 4348 ap.
1559 4278 1565 4381 1

303 4357 405 4423 origen.
421 4360 520 4414 Gorrtra
533 4361 600 4414 Cels.
612 4362 632 4426 1,
644 4363 687 4424 tt),
698 4363 740 4426 58,
752 4362 794 4428 663
808 4363 837 4428 11,
852 4363 893 4416 52.
976 4414 978 4419 .
