3134 4934
297 289 361 376 518
516 309 717 353 tricenteno
736 310 884 353 sonemus
899 311 933 353 m
951 310 978 353 s.
998 310 1201 356 scararum.

339 393 371 454 4.
392 392 429 454 In
445 391 484 455 ll.
505 393 540 455 T.
558 403 757 458 memoratur
774 392 926 476 lacobus,
952 392 1098 457 Zebedai
1114 395 1209 479 lilius,
1235 415 1310 460 cum
1329 395 1427 460 fratrc

295 515 352 557 suo
365 494 488 558 Joannc
501 493 543 558 ad
555 496 768 579 apostolatum
781 517 798 559 a
814 495 936 560 Christo
949 505 1081 561 vocatus
1093 498 1121 584 (l
1130 498 1154 585 ),
1169 520 1267 586 quem
1282 496 1428 562 Herodes

294 595 437 681 Agrippa
462 598 546 662 circa
566 618 687 662 annum
710 599 753 662 44
779 599 874 662 morti
903 597 1034 663 tradidit
1054 599 1115 686 (2).
1147 603 1232 665 Inter
1255 599 1428 664 duodecim

294 691 465 782 Apostolos
486 698 567 762 alter
591 708 775 763 recensetur
797 698 950 782 lacobus,
969 699 1095 785 Alpltaei
1110 701 1197 788 filins
1213 700 1275 786 (5).
1293 702 1431 786 Insuper

295 801 378 865 inter
393 823 460 885 eos,
479 803 534 887 qui
552 800 640 887 apud
664 803 849 867 Mattbaeum
877 813 908 866 et
932 803 1075 867 Marcum
1096 803 1145 890 (4)
1167 805 1281 889 [ratres
1303 805 1433 868 Domini

295 901 459 982 dicuntur,
479 901 619 968 lacobus
646 902 781 989 quidam
805 912 951 988 apparet.
977 904 1094 969 Mentio
1123 904 1218 970 etiam
1242 904 1278 968 lit
1301 905 1436 987 iacobi,

293 1006 403 1089 fratris
423 1008 561 1080 Dornini,
578 1008 611 1070 in
628 1007 768 1091 Epistola
786 1004 828 1069 ad
844 1006 972 1073 Galatas
989 1005 1049 1092 (5).
1068 1007 1152 1071 Hinc
1167 1008 1314 1071 nonnulli
1331 1017 1431 1071 'vete-

295 1128 368 1171 rum
388 1118 451 1171 tres
469 1096 680 1175 distinxerunt
707 1108 834 1172 incubos
852 1133 862 1171 :
885 1109 1030 1191 ntajorem
1059 1129 1116 1172 seu
1141 1108 1286 1172 Zebedaei
1311 1109 1429 1193 lilium,

294 1212 441 1274 aristonem
459 1233 498 1275 ex
519 1210 653 1295 Alphaeo
670 1208 855 1291 oriundum,
875 1220 1048 1296 utrumque
1068 1232 1237 1275 enumero
1254 1209 1430 1275 duodecim

295 1311 535 1397 Apostolorum,
558 1323 588 1377 et
612 1314 741 1378 tertium
765 1311 939 1399 quemdam
956 1313 1086 1397 tratrem
1107 1315 1237 1378 Domini
1257 1316 1431 1399 cognomi-

294 1425 419 1499 natum,
448 1410 502 1502 qui
530 1418 654 1502 primus
682 1418 823 1482 ecelesia.
854 1417 1127 1502 lerosolymitnnaa
1158 1418 1287 1480 antistes
1315 1417 1427 1498 fuerit,

296 1519 411 1604 cuique
427 1521 602 1606 Epistulam
618 1521 809 1585 catholicam
825 1519 938 1584 Jacobi
954 1519 1153 1585 adscribunt.
1175 1519 1236 1584 Sed
1249 1521 1308 1584 ⁴ille
1326 1520 1429 1584 laco*

296 1621 379 1705 bus,
401 1623 502 1706 frater
517 1624 645 1687 Donrini
659 1622 775 1705 dictus,
800 1624 925 1686 nonnisi
945 1644 1009 1687 una
1030 1623 1208 1709 eademque
1224 1645 1363 1708 persona
1381 1632 1432 1687 cst

296 1745 369 1788 cum
395 1725 531 1808 Jacobo,
561 1725 684 1811 Alphaei
709 1725 786 1789 lilio.
812 1725 894 1789 Nam
917 1725 1075 1807 lacobus,
1101 1726 1156 1811 qui
1178 1726 1278 1810 frater
1299 1727 1431 1789 Domini
1548 1810 1549 1817 ἵ

293 1825 411 1892 dicitur
423 1828 455 1891 in
469 1829 609 1913 Epistola
622 1826 664 1892 ad
677 1827 855 1913 Galatas(l,
864 1826 1062 1910 19),ibidcm
1074 1849 1092 1890 e
1104 1848 1241 1892 numero
1253 1824 1428 1891 duodecim

292 1930 520 2015 Apostolorum
538 1953 606 1996 esse
620 1933 778 1997 statuitur.
793 1931 865 1995 Hoc
881 1930 1082 1995 confirmavit
1098 1930 1269 1996 concilium
1290 1928 1427 1994 Triden-

292 2035 395 2099 tinum
410 2033 499 2119 (sess.
515 2036 602 2118 XlV,
618 2057 647 2099 c.
664 2033 696 2119 l)
706 2034 876 2098 declarans
888 2043 1123 2098 sacramentum
1138 2028 1424 2099 extremae-unctio

291 2138 341 2200 nis
374 2138 471 2201 fuisse
504 2138 745 2223 promulgatum
778 2137 1005 2221 perducebam
1027 2136 1211 2222 Apostolum
1234 2159 1268 2201 ac
1297 2137 1430 2200 Domini

288 2240 430 2324 fratrem.
446 2241 531 2325 Ergo
544 2262 583 2304 ex
596 2249 704 2305 mente
717 2240 843 2304 concilii
855 2238 1007 2322 lacobus,
1021 2240 1121 2326 [nater
1132 2240 1270 2323 Benarni,
1285 2239 1426 2324 Apostn-
1478 2264 1495 2277 ³

291 2343 341 2406 lus
357 2364 432 2406 vere
446 2343 517 2423 fuit,
534 2365 573 2408 ac
585 2342 721 2428 proinde
733 2364 816 2423 unus
829 2352 860 2406 et
872 2341 958 2407 idem
975 2362 1049 2407 eum
1066 2341 1190 2426 Atpnaet
1206 2340 1283 2405 filio.

336 2445 368 2512 5.
394 2446 453 2509 llis
472 2448 593 2531 positis,
622 2446 758 2511 dicimus
778 2470 786 2509 :
806 2446 928 2510 lacobo
952 2443 1098 2509 Zebedaei
1122 2455 1275 2530 tanquam
1300 2447 1426 2510 auctori
1530 2428 1532 2435 ¹

289 2548 463 2632 Epistulam
489 2551 680 2614 catholicam
712 2550 803 2613 nullo
824 2557 918 2634 paeto
943 2547 1040 2613 tribui
1063 2569 1168 2632 posse.
1194 2547 1305 2612 Obstat
1337 2549 1426 2612 enim

289 2650 451 2713 unanimis
467 2650 535 2714 sere
553 2660 711 2734 veterum,
729 2652 782 2736 qui
809 2651 872 2714 hac
895 2648 936 2713 de
963 2671 998 2713 re
1024 2649 1123 2713 locuti
1151 2657 1224 2714 sunt
1251 2650 1423 2732 sententia,

290 2771 362 2836 quae
387 2751 569 2816 firmissimo
587 2752 717 2817 aliunde
746 2750 957 2829 fundamento
985 2753 1105 2817 nititur.
1135 2751 1167 2816 Si
1195 2752 1282 2814 enim
1301 2761 1425 2816 attento

289 2855 398 2918 animo
423 2854 563 2940 Epistola
588 2855 701 2920 iacobi
725 2855 944 2940 pervolvatur,
964 2854 1059 2918 facile
1077 2854 1422 2939 quisque'pcrsuasum

288 2956 423 3021 babebit
455 2952 512 3043 id,
550 2957 636 3044 quod
661 2957 732 3044 jam
762 2957 893 3022 notabat
916 2957 1110 3042 Augustinus
1138 2956 1314 3041 Epistolam
1336 2956 1424 3020 hanc

289 3061 409 3125 scilicet
424 3071 535 3126 eontra
550 3083 605 3126 eos
624 3062 833 3125 intentionem
849 3059 999 3145 dirigere,
1015 3064 1078 3144 qni,
1095 3082 1154 3124 aron
1178 3058 1334 3123 intellectis
1347 3061 1424 3144 pni-

290 3163 414 3229 bnsdam
438 3164 625 3228 subobscuris
648 3166 805 3228 sententiis
826 3163 968 3248 Apostoli
980 3163 1092 3236 Pauli,
1106 3160 1148 3226 ad
1173 3162 1308 3224 salutem
1334 3160 1425 3225 obti-

289 3265 429 3329 nendam
447 3265 592 3330 sufficere
617 3265 715 3329 iidem
738 3265 906 3350 putabant,
927 3264 1010 3329 bene
1035 3274 1143 3328 autem
1160 3263 1267 3326 rivere
1283 3271 1315 3326 et
1330 3261 1427 3326 bonis

289 3366 441 3450 operibns
456 3369 543 3430 riam
567 3369 624 3432 net
640 3377 744 3431 terere
762 3367 979 3452 negligebant.
997 3366 1121 3450 Scripta
1145 3384 1223 3429 vero
1244 3364 1381 3428 Paulina
1402 3386 1421 3427 e

290 3468 407 3554 quibus
423 3470 540 3533 falsum
559 3469 642 3535 istud
663 3469 781 3555 dogma
799 3480 920 3534 temere
937 3467 1150 3553 accipiebant,
1165 3468 1313 3552 Epistola
1331 3477 1427 3532 erant
1517 3536 1522 3545 ‚

243 3662 247 3670 ⁸
288 3569 330 3652 ad
346 3572 500 3638 Romanos
522 3581 553 3637 ct
576 3572 617 3637 ad
635 3573 774 3639 Galatas.
793 3567 1037 3638 Admittendum
1061 3572 1157 3656 igitur
1183 3580 1229 3635 est
1246 3571 1424 3655 Epistulam

288 3671 401 3736 Jacobi
418 3674 570 3759 scriptam
588 3695 655 3738 csse
668 3682 739 3757 post
754 3673 825 3736 illas
839 3675 995 3759 Epistolas
1010 3695 1048 3736 ac
1060 3670 1196 3757 proinde
1212 3681 1283 3756 post
1297 3693 1425 3736 annum

290 3774 343 3838 ts.
371 3775 444 3838 Jam
469 3786 576 3842 autem
594 3777 736 3841 lacobus
750 3775 894 3840 Zebedaei
912 3778 995 3840 circa
1013 3796 1134 3839 annum
1149 3775 1190 3838 44
1209 3774 1268 3838 luit
1284 3776 1424 3841 occisus

321 3996 461 4060 (Metti.
474 3997 516 4060 nt,
534 3996 575 4056 213
594 3998 626 4061 rt,
638 4000 663 4059 5;
681 3997 756 4057 thll,
772 3999 798 4062 13
811 3997 896 4050 Marc.
913 3997 932 4060 l,
951 3998 992 4061 rs;
1008 3998 1072 4061 xlv,
1087 4000 1131 4059 ὣς
1144 3997 1201 4050 Act.
1219 3997 1293 4061 1,-13.

321 4077 357 4143 (Ξ)
373 4078 432 4129 Ast.
449 4078 501 4140 xn,
514 4079 540 4130 2.
924 4097 925 4100 ¹

321 4159 357 4223 (5)
367 4160 461 4211 Mettis.
475 4161 506 4222 x,
522 4162 547 4224 ὃς
563 4162 621 4212 Act.
634 4161 653 4222 l,
668 4164 708 4214 ts.

323 4243 358 4307 (4)
372 4243 466 4294 Mutet.
480 4243 545 4305 Xlll,
557 4245 601 4305 553
618 4244 702 4296 Marc.
715 4245 757 4307 vt,
773 4246 799 4297 ἃ

326 4326 362 4393 (A)
374 4325 432 4377 Gal,
445 4325 466 4388 l,
483 4326 525 4377 19.
