3168 4948
256 295 320 358 272
481 314 681 358 rrraonuono
698 311 845 355 sunonms
863 312 897 354 m
910 311 936 354 s.
952 311 1151 353 sonrrrunau.

256 411 451 474 estimantur
473 409 532 495 (l).
559 410 697 474 Pecunia
725 427 799 472 vero
822 405 912 472 Judae
935 406 1091 492 proditori
1113 410 1214 471 soluta
1238 403 1383 492 pondere

256 514 425 577 sanctuarii
442 524 627 577 numeratur
645 512 704 598 (ἲ).
724 511 795 575 Alia
811 520 918 575 autem
938 510 1121 596 reipublicae
1141 510 1267 595 negotia
1284 530 1382 594 emp-

255 616 367 697 tiones,
393 616 602 698 venditiones,
628 625 755 679 moneta
779 636 912 679 romana
933 614 1150 700 perficiuntur.
1177 613 1263 678 Nova
1284 614 1382 676 etiam

254 719 422 803 vectigalia
439 740 573 784 romana
589 727 717 783 moneta
736 719 902 782 solvuntur
917 717 977 802 (ὅ).

299 820 350 884 54.
367 821 433 885 N'eo
449 822 554 886 minus
572 829 719 885 accurato
743 842 775 891 se
795 820 915 884 habent
938 820 1144 904 Evangelistae
1169 820 1205 882 iu.
1218 817 1314 882 rebus
1337 815 1382 881 ad

254 924 483 1007 geographiam
513 923 737 1009 spectantibus.
765 923 841 1004 Quae
870 923 956 987 euim
987 922 1029 986 ab
1053 923 1127 1007 ipsis
1155 929 1251 1006 gesta.
1265 921 1381 985 Christi

253 1025 466 1089 referentibus
487 1047 562 1089 casu
577 1034 798 1089 memorantur
814 1025 988 1089 Palaestinae
1005 1024 1038 1088 in
1057 1024 1236 1110 provincias
1252 1021 1378 1104 divisio,

253 1122 343 1208 fines,
361 1125 491 1189 urbium
504 1147 725 1212 pagorumque
739 1128 886 1210 nomina,
897 1128 984 1209 situs,
1004 1126 1152 1190 distantia
1171 1135 1201 1188 et
1218 1144 1380 1188 commer·
1472 1187 1480 1198 ,

253 1227 350 1310 cium,
374 1227 487 1294 eodem
512 1229 608 1294 modo
632 1238 880 1294 commemorata
898 1239 1070 1295 occurrunt
1085 1228 1172 1314 apud
1188 1228 1377 1312 losephum,

253 1329 498 1415 Thalmudistas,
524 1333 686 1415 Tacitum,
713 1332 903 1396 Strabonem
927 1333 1182 1417 recentioresque
1205 1331 1381 1394 Palestinae

253 1434 480 1517 exploratores.
503 1436 681 1500 Memorant
699 1457 731 1499 v.
750 1456 782 1520 g.
799 1438 1006 1521 Evangelistae
1023 1435 1210 1522 publicanos
1230 1435 1326 1497 fuisse
1344 1434 1378 1496 iu

252 1534 476 1618 Capharnaum
500 1547 531 1601 et
549 1538 701 1621 Jerich03
722 1559 762 1601 ex
784 1538 968 1602 auctoribus
991 1539 1132 1624 profanis
1153 1538 1200 1623 (4)
1226 1536 1378 1600 discimus

210 1711 212 1715 y
251 1635 348 1701 urbes
367 1638 438 1702 illas
455 1638 498 1703 ob
518 1641 746 1704 commercium
767 1641 862 1705 fuisse
884 1639 978 1706 valde
995 1642 1211 1727 frequentatas
1230 1639 1377 1724 adeoque

252 1737 318 1802 sadi
335 1761 446 1804 eorum
463 1742 518 1827 qui
533 1743 700 1827 vectigalia
712 1743 930 1829 percipiebant
943 1744 1238 1829 opportunissimas.
1252 1741 1376 1805 Pariter

252 1863 323 1928 quae
340 1844 383 1908 ab
402 1845 607 1925 Evangelistis
622 1846 663 1911 de
680 1846 876 1912 habitatione
891 1848 984 1913 Pilati
1007 1847 1113 1934 deque
1133 1846 1201 1933 ejus
1223 1846 1375 1911 tribunali

190 1981 192 1984 ⁴
250 1945 434 2010 referuntur
450 1951 641 2013 conveniunt
661 1971 735 2013 cum
759 1949 880 2014 traditis
898 1973 915 2015 a
932 1940 1040 2015 Flavio
1056 1951 1205 2034 losepho.
1223 1948 1295 2012 lam
1311 1969 1376 2011 au-

251 2056 315 2113 tem
338 2057 405 2114 tam
427 2062 577 2116 accurata
599 2073 707 2116 rorum
740 2054 836 2116 etiam
866 2053 1148 2116 minutissimarum
1183 2049 1319 2135 cognitio
1343 2057 1377 2111 et

182 2218 185 2222 Α
251 2149 419 2237 descriptio
437 2154 539 2218 innuit
553 2156 639 2218 viros
661 2156 716 2241 qui
739 2165 829 2243 aetate
848 2155 962 2221 Christi
980 2156 1126 2220 vixerunt
1146 2163 1177 2217 et
1200 2154 1232 2215 in
1250 2160 1383 2214 nostros·

250 2253 465 2338 Evangelistas
498 2256 639 2340 perfecte
669 2255 820 2342 quadrat.
846 2256 953 2337 Quum
982 2266 1088 2320 autem
1116 2276 1167 2318 ros
1187 2250 1375 2317 ludaeorum

251 2356 356 2418 statim
373 2368 595 2441 postmortem
614 2358 727 2423 Christi
751 2359 868 2422 fuerint
887 2359 1021 2423 turbatae
1044 2368 1086 2441 et,
1103 2356 1223 2441 templo
1248 2374 1387 2439 everso,

251 2458 331 2521 urbe
343 2459 471 2524 incensa
485 2463 668 2547 populoque
683 2460 839 2545 disperso,
854 2460 996 2525 diversus
1012 2482 1141 2525 exorsus
1158 2460 1195 2523 sit
1210 2459 1242 2521 in
1262 2453 1383 2520 Judaea.

251 2579 358 2622 rerum
388 2571 501 2643 status3
525 2564 562 2626 si'
578 2572 723 2626 auctores
749 2562 994 2646 Evangeliorum
1019 2563 1133 2627 seculo
1157 2557 1297 2624 secundo
1320 2557 1375 2620 rel

250 2661 343 2724 tertio
360 2663 518 2746 vixissent,
544 2664 595 2727 vix
617 2663 795 2748 concipitur
816 2661 980 2749 quomodo
1002 2675 1068 2728 Iam
1087 2670 1253 2727 accurrate
1276 2658 1376 2723 locuti

251 2762 383 2828 fuissent
400 2766 458 2850 (5).

314 2984 332 3073 g
350 2976 382 3051 5.
400 2989 623 3073 Arpnmentam
635 2988 753 3051 eloctum
771 3011 806 3051 err
822 2987 1060 3073 impassibititote
1076 2987 1301 3072 suppositionis.

293 3207 344 3273 55.
371 3211 543 3296 Evangelia
568 3213 618 3274 vel
642 3222 714 3276 sunt
736 3212 940 3292 authentica,
966 3212 1017 3275 rol
1041 3210 1247 3296 supposititia.
1274 3208 1372 3293 Atqui

247 3309 492 3395 Evangeliorum
508 3314 680 3397 suppositio
696 3311 820 3377 admitti
836 3314 957 3398 nequit3
978 3333 1053 3396 ergo
1071 3332 1184 3375 eorum
1207 3309 1372 3374 authentia

247 3408 444 3476 admittenda
478 3423 536 3477 est.
573 3415 650 3478 Dico
685 3416 930 3499 Evangeliorum
966 3414 1213 3499 suppositionem
1246 3410 1371 3475 admitti

248 3532 311 3575 non
339 3535 441 3597 possa.
467 3516 570 3598 Nam,
596 3538 696 3602 quum
719 3515 798 3580 fides
821 3527 967 3581 constans
989 3526 1021 3580 et
1047 3525 1201 3600 perpetua
1225 3514 1370 3579 omnium

247 3617 452 3680 ecclesiarum
470 3617 596 3683 traditio
618 3640 744 3704 semper
761 3620 932 3706 Evangelia
950 3631 985 3683 ut
1002 3619 1181 3683 authontica
1200 3617 1366 3701 receperit,

278 3833 315 3899 (I)
328 3834 413 3885 Marc.
429 3834 481 3895 XII,
495 3835 538 3900 aa
553 3838 612 3888 Iac.
623 3836 685 3897 XXI,
698 3835 722 3886 Ξ.

277 3915 312 3982 (2)
324 3917 418 3970 Mottli.
431 3919 515 3982 XXVI,
531 3922 569 3972 15.

278 4001 312 4066 (ὅ)
324 4000 417 4051 Motth.
429 4001 459 4059 X,
469 4000 510 4061 aa
522 4002 574 4064 XX,
586 4003 610 4063 23
621 4004 694 4068 XXII,
710 4008 749 4066 ¹93
763 4008 846 4058 Marc.
860 4007 913 4068 XII,
925 4007 964 4071 153
976 4006 1037 4067 XIV,
1050 4007 1075 4062 a
1088 4006 1147 4058 tua.
1158 4003 1211 4065 Xll,
1223 4002 1246 4062 a
1258 4002 1310 4063 XX,
1322 3999 1364 4061 aa

242 4082 319 4134 loon.
334 4082 374 4142 VI,
391 4084 416 4141 7:
431 4082 483 4144 XII,
495 4084 519 4134 5.

276 4163 311 4227 (t)
321 4165 423 4225 insitu,
441 4165 558 4229 Epitome
576 4168 653 4233 Propi
666 4169 772 4236 Pompei
787 4171 893 4232 XXXVI,
907 4171 932 4235 5;
947 4168 1038 4221 Strabo
1048 4168 1110 4220 XVI.

277 4244 313 4306 (a)
325 4243 376 4295 Clr.
388 4243 425 4295 Ill.
441 4245 471 4296 n.
484 4245 608 4311 Iletgnan,
625 4251 669 4302 Lar
680 4240 819 4317 Evonpibs
828 4257 851 4302 et
861 4252 887 4302 lo
897 4252 1006 4318 critique
1018 4264 1041 4315 p.
1054 4249 1163 4301 XII-281
1168 4264 1176 4313 ;
1191 4249 1227 4300 Ite
1236 4247 1362 4310 Valroger,

240 4324 383 4376 Introduct.
400 4324 418 4387 Ι,
432 4326 553 4380 assota
