3168 4948
285 348 361 390 PARS
376 348 411 391 11.
426 347 519 390 CAPUT
532 348 562 392 V.
579 348 616 388 ott
625 347 862 398 QUATUORDECIM
879 349 904 391 S.
920 348 1009 389 raum
1022 347 1185 389 urrsrotm.
1246 326 1310 389 527

178 450 280 511 ricum
298 447 358 532 (ll.
376 446 499 510 Deinde
516 447 649 510 venitin
666 446 835 529 Achaiam,
854 456 885 510 et
903 456 1119 511 commoratus
1132 456 1178 509 est
1190 446 1233 509 ibi
1246 455 1309 510 tres

178 573 303 614 menses
318 550 377 636 (ἓ).
393 552 493 614 Porro
511 551 601 614 Pauli
616 551 783 613 consilium
796 560 865 614 erat
880 559 927 632 ut,
948 559 1120 635 postquam
1133 552 1309 633 eleemosy-

78 654 84 660 ’
177 676 234 717 nas
250 654 429 737 collegisset
442 651 483 716 ad
503 651 735 716 sublevandam
751 650 937 715 Judaeorum
951 654 984 714 io
997 651 1107 715 Judaea
1123 650 1308 735 degentium

177 765 413 841 paupertatem,
436 776 554 840 easque
576 756 818 839 lerosolymam
833 752 1008 837 detulisset,
1035 777 1093 839 per
1113 756 1252 818 Romam
1277 755 1309 817 in

177 859 365 942 Hispaniam
381 857 635 942 proficisceretur
647 858 707 941 (5).
727 857 833 938 Quum
852 853 961 922 autom
979 867 1059 922 essct
1075 857 1216 921 Corinthi
1235 858 1310 920 talia

177 959 218 1024 de
247 960 381 1024 eeclesia
414 962 561 1041 Romana
591 961 701 1024 nuntia
722 962 866 1044 accepit,
895 982 966 1045 quae
1000 958 1127 1045 ipsum,
1151 960 1193 1023 ob
1215 961 1312 1043 ipsius

176 1061 405 1126 sollicitudinem
424 1066 559 1125 orientum
578 1061 780 1135 eeclesiarum,
804 1064 1011 1147 impulerunt,
1033 1071 1068 1124 ut
1087 1061 1130 1126 ad
1148 1063 1312 1125 Romanos

177 1163 287 1228 fideles
303 1185 375 1228 eam
391 1165 543 1228 scriberet
567 1164 782 1250 dogmaticam
803 1168 1023 1250 moralemque
1041 1166 1216 1250 Epistolam
1244 1185 1315 1250 quae
1396 1170 1399 1177 ’

178 1264 218 1325 acl
234 1264 386 1327 Ronrnnos
403 1264 599 1327 inscribitur.

223 1366 276 1428 16.
303 1366 426 1450 Elapsis
448 1375 557 1429 autem
575 1367 677 1430 tribus
700 1368 765 1429 istis
783 1345 958 1450 mensibus,
979 1368 1080 1431 voluit
1096 1367 1214 1429 Paulus
1235 1388 1315 1450 pro-

179 1466 277 1531 ficisci
304 1477 391 1532 recta
412 1469 464 1532 via
492 1490 551 1553 per
578 1469 701 1553 Syriam
726 1470 759 1533 in
778 1471 981 1552 Jerusalem,
1012 1471 1086 1556 quia
1112 1489 1187 1533 vero
1210 1468 1312 1532 Judaci
1367 1455 1371 1458 ²

180 1569 240 1652 ipsi
264 1568 393 1632 insidias
411 1579 604 1648 struxerant,
625 1567 719 1634 rediit
741 1572 774 1634 in
791 1569 1012 1635 Macedoniam
1031 1570 1118 1634 unde
1136 1593 1194 1655 per
1210 1572 1312 1634 Troa-

181 1668 346 1754 dem,post
361 1671 587 1754 Pascha,vonit
599 1693 673 1735 cum
686 1673 718 1735 S.
736 1674 821 1736 Luca
836 1682 867 1735 ct
883 1674 952 1736 aliis
969 1673 1137 1736 comitibus
1155 1673 1309 1753 llliletum,

182 1772 236 1836 ubi
256 1774 444 1856 praeclaram
462 1774 503 1838 ad
526 1775 723 1859 prcsinum
744 1776 866 1838 clerum
884 1777 1060 1838 orationem
1073 1775 1217 1860 habuit(
1243 1775 1265 1858 ).
1285 1775 1313 1837 Α

186 1875 293 1939 Mileto
314 1878 441 1941 solvens
463 1879 608 1962 pervenit
639 1876 680 1942 ad
712 1880 850 1941 insulam
872 1879 992 1960 Coum,
1019 1876 1136 1941 deinde
1160 1877 1313 1942 Rhodum

184 1986 281 2062 atquo
295 1976 369 2042 inde
385 1979 512 2061 Patara,
530 1988 563 2042 et
579 1978 710 2043 demum
728 1981 872 2064 pervenit
888 1981 1016 2064 Tyrum,
1031 1979 1087 2042 ubi
1108 1989 1229 2064 septem
1247 1978 1315 2042 dics

177 2082 312 2170 mansit.
323 2083 537 2166 Reassumpta
551 2091 658 2146 autom
675 2084 891 2167 navigatione,
901 2080 1135 2146 Ptolemaidem
1148 2081 1314 2145 descondit

182 2193 215 2247 et
228 2184 366 2269 pedestri
381 2171 492 2248 itinere
506 2185 683 2249 Caesaream
697 2208 735 2250 ae
748 2186 887 2272 denique
900 2187 1078 2250 Jerusalem
1092 2186 1238 2270 pervenit
1253 2186 1312 2268 (5³.

149 2306 151 2309 ’
221 2284 283 2351 'l7.
307 2287 414 2368 Quum
440 2286 620 2351 advenisset
643 2289 761 2352 Paulus
784 2289 963 2352 Jerusalem
984 2289 1071 2352 vonit
1092 2286 1133 2351 ad
1156 2285 1316 2350 Jacobum

185 2399 217 2453 et
232 2388 275 2453 ad
299 2382 438 2453 seniores
456 2391 565 2476 eisque
587 2393 728 2455 narravit
742 2401 863 2476 quanta
882 2393 1002 2455 lecerat
1025 2393 1108 2454 Deus
1124 2412 1182 2474 per
1201 2390 1316 2452 minis-

186 2495 300 2556 terium
318 2493 415 2577 ipsius
429 2495 511 2556 inter
526 2503 647 2578 gentes.
663 2494 704 2558 At
721 2496 767 2557 illi
783 2516 857 2558 eum
876 2493 1048 2576 audissent,
1067 2493 1316 2578 magnificabant

186 2599 300 2659 Deum.
317 2597 400 2677 Quia
418 2617 495 2659 vero
509 2596 607 2659 falsus
625 2619 736 2661 rumor
750 2596 792 2660 ad
810 2596 937 2661 Judaeos
950 2598 1188 2660 Palaestinenses
1202 2617 1314 2680 pervc-

122 2715 139 2731 ‘
187 2708 301 2780 norat,
325 2699 462 2762 Paulum
486 2709 651 2763 auctorem
674 2721 741 2764 esse
763 2699 1077 2764 dudeco-christianis
1101 2701 1183 2785 inter
1207 2710 1316 2784 gentes

185 2801 459 2865 commorantibus
475 2811 509 2864 ut
527 2823 592 2866 non
607 2803 745 2886 amplius
761 2813 925 2867 servarent
937 2805 1016 2865 ritus
1032 2803 1198 2884 Mosaieos,
1217 2803 1317 2866 Jaco-

185 2903 247 2966 bus
263 2903 291 2965 ei
307 2904 462 2987 persuasit
477 2913 512 2967 ut
528 2904 659 2989 publica
674 2906 782 2990 aliqua
800 2906 924 2985 actione
938 2904 1120 2968 ostenderet
1138 2926 1170 2967 se
1190 2925 1317 2988 nequa-

186 3005 285 3091 quam
301 3027 451 3090 spernere
469 3009 598 3093 Legem,
619 3007 673 3072 sed
693 3031 710 3072 e
731 3018 842 3072 eontra
866 2997 983 3071 sentire
1003 3028 1076 3070 eam
1097 3027 1164 3069 esse
1181 3006 1314 3069 bonam.

185 3108 243 3172 Cui
256 3108 387 3172 consilio
404 3130 478 3172 cum
495 3111 636 3173 cessisset
648 3111 778 3193 Paulus,
799 3109 878 3172 dum
894 3108 1084 3194 purificabat
1102 3130 1135 3171 se
1151 3111 1183 3170 in
1197 3109 1317 3205 templo

186 3229 259 3272 cum
284 3210 372 3293 viris,
396 3212 451 3295 qui
479 3211 655 3276 narireatus
678 3212 842 3276 habebant
864 3223 991 3294 votum,
1012 3209 1113 3274 ludaei
1134 3211 1235 3274 asiani
1256 3233 1316 3274 er-

186 3313 363 3376 eitaucruut
393 3314 566 3377 tumultum
601 3314 753 3379 aduersus
789 3321 891 3378 eumq
909 3315 1015 3395 Quare
1045 3315 1159 3377 milites
1189 3315 1314 3378 romani

185 3414 468 3498 apprehenderunt
491 3417 651 3500 Paulum,
680 3426 711 3480 et
735 3439 808 3481 eum
832 3418 977 3481 tribunus
1013 3438 1165 3481 romanus
1190 3404 1337 3481 timeret*

187 3537 244 3599 pro
268 3519 332 3582 vita
354 3519 458 3600 Pauli,
485 3517 527 3582 oh
552 3517 806 3602 conjurationem
829 3519 1015 3584 ludaeorum
1038 3519 1191 3583 adversus
1214 3541 1313 3601 eum,

181 3619 276 3703 jussit
292 3622 429 3685 Paulum
453 3619 570 3686 deduci
597 3622 774 3686 Caesaream
795 3622 837 3687 ad
861 3622 1030 3708 praesidenr
1053 3624 1190 3687 Felicem
1214 3632 1249 3686 ut
1272 3624 1316 3686 ibi

183 3720 413 3810 judicaretur(
438 3724 462 3807 l.

219 3943 255 4007 (t)
267 3943 327 3993 Act.
342 3943 396 4004 illl,
409 3942 465 4005 r-a;
479 3943 552 3994 Rom.
574 3945 625 4008 xv,
640 3946 679 3996 19.

219 4023 257 4088 (ἓ)
269 4027 327 4076 Aet.
340 4026 393 4086 llll,
407 4027 430 4076 5.

218 4108 254 4172 (3)
270 4107 342 4158 llum.
355 4107 408 4169 XV,
422 4109 462 4168 103
477 4112 522 4160 Act
545 4110 609 4171 xlx,
621 4110 662 4161 tt.

218 4189 254 4250 (l)
266 4188 324 4239 Act.
342 4189 395 4238 XX.

218 4272 255 4335 (5)
271 4271 329 4322 Aet.
347 4271 411 4332 xxt,
431 4272 498 4322 t-tt.

217 4352 253 4419 (u)
264 4353 322 4404 Aet.
338 4353 402 4417 lllll,
414 4354 454 4414 183
467 4352 551 4403 xttltt.
