3168 4948
289 342 364 384 rans
381 342 415 383 n.
434 340 527 381 cnrur
540 340 587 381 111.
606 339 643 380 ns
656 337 780 381 omerus
791 340 826 380 sr
838 339 995 381 sucromr.
1011 339 1055 381 ις’.
1069 340 1198 383 avireo.
1245 322 1309 386 505

183 436 289 503 decim
307 440 445 521 semina,
464 459 565 523 usque
588 436 629 502 ad
646 438 877 520 sexagesimum
898 438 1044 522 quintum
1061 437 1179 502 tributo
1198 441 1308 524 capitis
1340 509 1343 512 ,

167 542 410 628 obligarentur.
438 542 580 606 Potuerit
606 550 713 604 autem
743 539 904 621 Quirinius
929 542 1059 604 nomine
1083 543 1305 605 Romanorum

181 667 312 709 censum
337 646 370 708 in
392 643 515 728 Judaea,
543 651 696 727 regnante
719 641 860 723 Herode,
885 662 999 727 agere,
1019 644 1094 729 quia
1116 642 1226 708 Judaea
1247 644 1307 708 sub

179 749 333 831 Pompeio
351 745 393 810 ad
409 746 564 809 tributum
577 745 731 809 Romanis
747 742 936 808 solvendum
952 754 1062 808 coacta
1078 745 1182 808 fuerat
1200 745 1260 829 (i).

224 848 278 912 to.
306 847 378 932 Otj.
411 849 442 911 2.
467 847 674 931 Evangelistae
697 847 779 909 inter
801 867 834 909 se
857 867 923 910 non
946 847 1168 929 consentiunt,
1194 846 1250 910 sed
1273 850 1306 912 in
1372 912 1376 919 ,

181 950 327 1035 pluribus
343 950 403 1014 sibi
420 948 652 1013 contradicunt.
671 948 754 1033 Ergo
770 947 867 1011 fidem
886 969 950 1011 non
969 958 1144 1012 merentur.

225 1055 277 1117 ii.
300 1056 388 1138 desp,
409 1052 565 1116 Eamdem
578 1051 648 1136 jam
668 1061 812 1135 tempore
838 1052 870 1115 S.
896 1052 1061 1136 Augustini
1085 1050 1305 1118 difficultatem

181 1156 354 1220 movebant
370 1157 498 1242 pagani,
518 1156 572 1240 qui
589 1157 696 1235 etiam,
726 1152 813 1240 qued
840 1175 925 1218 nunc
945 1155 1057 1218 volunt
1076 1156 1303 1240 Rationalistae,

181 1262 287 1323 desunt
310 1260 520 1323 honorandum
546 1270 691 1341 tanquam
722 1259 977 1342 sapientissimum
1006 1259 1105 1320 virum
1133 1259 1303 1342 putabant,

180 1360 336 1425 colendum
370 1372 469 1423 autem
505 1373 648 1446 trinquum
683 1361 780 1422 Deum
812 1359 960 1443 nepahant
993 1358 1053 1444 (2).
1090 1360 1177 1424 Duce
1210 1362 1306 1445 igitur

180 1464 368 1548 Augustino,
386 1465 439 1549 qui
461 1461 502 1526 ad
522 1461 710 1526 solvendam
728 1462 819 1526 istam
834 1460 1052 1525 difficultatem
1069 1463 1192 1547 scripsit
1212 1484 1306 1526 suum

168 1586 260 1650 opus
283 1568 329 1628 De
347 1587 492 1629 consensu
516 1564 795 1649 Eneapetistarum,
821 1563 1063 1650 respondemus,
1088 1567 1305 1651 Evangelistas

181 1666 315 1752 quidem,
325 1689 389 1732 non
406 1667 581 1732 consentire
595 1687 632 1729 eo
645 1687 749 1748 sensu,
768 1664 854 1751 quod
872 1687 936 1729 non
949 1664 1062 1729 eadem
1076 1666 1161 1730 sacta
1180 1689 1303 1746 omnes,

182 1791 287 1855 neque
309 1769 424 1834 eodem
448 1791 578 1855 prorsus
601 1767 698 1832 modo
722 1768 873 1831 referant.
900 1767 1040 1831 Dicimus
1070 1778 1176 1831 autem
1207 1771 1304 1833 talem

180 1892 371 1934 consensum
390 1892 454 1934 non
473 1871 603 1955 requiri.
626 1870 726 1933 Porro
745 1869 960 1953 Evangelistas
980 1890 1044 1932 non
1065 1871 1241 1933 consentire
1265 1892 1304 1934 eo

179 1995 274 2037 sensu
291 1973 378 2060 quod
399 1996 481 2038 unus
499 1982 592 2059 neget
620 1973 708 2058 quod
731 1973 811 2036 alter
832 1972 970 2036 affirmat
990 1994 1119 2057 prorsus
1135 1994 1301 2057 negamus.

179 2076 323 2141 Varietas
352 2079 384 2140 in
413 2077 593 2161 Evangeliis
615 2085 684 2157 est,
710 2096 774 2138 nen
797 2073 1003 2139 contradictio
1023 2100 1031 2147 ς
1057 2073 1171 2138 exinde
1195 2085 1302 2139 autem

177 2180 294 2242 veritas
309 2180 459 2243 historica
475 2200 540 2242 non
556 2178 746 2259 infirmatur,
764 2176 821 2241 sed
838 2200 856 2241 c
874 2188 983 2257 contra
997 2177 1178 2242 roboratur.
1244 2176 1249 2181 ’

222 2281 274 2342 tu.
290 2281 413 2343 Etenim
432 2281 596 2343 Matthaeus
614 2279 706 2363 plura
723 2263 832 2361 reiert,
848 2300 918 2365 quae
935 2280 1030 2343 ceteri
1045 2281 1299 2365 praetermittunt,

177 2392 208 2445 et
237 2383 372 2445 vicissim
402 2384 514 2464 Lucas,
536 2384 675 2446 Joannes
697 2392 727 2445 et
755 2383 851 2446 etiam
878 2383 1002 2446 Marcus
1032 2385 1124 2467 plura
1154 2386 1299 2465 recitant,

178 2505 249 2569 quae
268 2485 431 2548 Mattheus
451 2485 574 2548 silentio
594 2486 721 2569 premit.
746 2483 808 2547 Sed
832 2483 946 2548 exinde
965 2486 1053 2548 nulia
1079 2486 1299 2566 contradictio,

177 2607 250 2650 cum
264 2588 403 2651 narratio
417 2589 509 2650 unius
519 2586 600 2650 hene
612 2587 760 2671 componi
771 2589 868 2672 possit
878 2609 950 2651 cum
964 2590 1145 2652 narratione
1157 2588 1298 2652 alterius.

175 2688 227 2752 Sic
243 2689 406 2752 Matthaeus
419 2697 450 2751 et
462 2690 563 2752 Lucas
575 2709 664 2774 aeque
681 2699 834 2753 testantur
850 2690 983 2753 Mariam
1001 2689 1041 2753 de
1057 2690 1175 2774 Spiritu
1191 2700 1300 2754 sancto

176 2791 370 2876 concepisse,
388 2789 445 2854 sed
465 2793 549 2855 solus
572 2792 673 2856 Lucas
697 2792 795 2856 refert
818 2794 1090 2857 annuntiationem
1114 2794 1300 2858 aGahrieie

175 2891 306 2977 factam,
327 2895 504 2957 solusvero
525 2895 688 2958 Matthaeus
707 2904 864 2958 memorat
888 2896 1055 2959 consilium
1071 2896 1214 2981 Josephi,
1235 2918 1300 2981 quo

175 2996 297 3059 occulte
328 2995 470 3059 Mariam
485 2994 644 3060 dimittere
667 2997 806 3061 voichat.
832 2997 1030 3061 Conveniunt
1060 3018 1168 3060 rursus
1201 2997 1297 3061 ambo

65 3160 70 3161 ff
174 3097 381 3183 Evangeiistae
407 3096 448 3162 de
473 3099 634 3162 nativitate
661 3101 736 3162 Jesu
767 3100 809 3163 in
822 3100 1014 3182 Bethleem,
1046 3097 1103 3163 sed
1132 3099 1298 3164 Matthaeus

174 3212 283 3264 narrat
295 3199 513 3265 adorationem
527 3203 693 3286 Magorum
707 3201 890 3289 caedemque
902 3203 1084 3286 infantium,
1101 3222 1172 3288 quae
1190 3212 1297 3266 tacens

174 3304 274 3368 Lucas
302 3304 399 3367 refert
420 3303 639 3370 adorationem
663 3317 838 3392 pastorum,
859 3309 1133 3372 circumcisionem
1151 3308 1260 3371 atalia
1279 3329 1298 3371 a

173 3405 320 3468 Matthaeo
348 3408 569 3489 praetermissa.
592 3408 691 3472 Porro
722 3408 762 3472 de
793 3411 842 3473 his
870 3411 948 3473 nihii
976 3409 1097 3473 habent
1119 3411 1243 3474 Marcus
1268 3419 1299 3472 et

173 3507 323 3572 Joannes.
342 3508 403 3572 Ubi
419 3530 495 3573 vero
509 3513 693 3595 pervenitur
706 3511 748 3575 ad
765 3503 1021 3598 praedicationem
1037 3514 1169 3578 Joannis
1185 3514 1298 3598 Bapti-

173 3620 240 3694 stae,
263 3621 400 3696 quatuor
427 3615 634 3699 Evangelistae
658 3636 748 3701 aeque
769 3637 840 3679 eam
867 3626 1058 3700 memorant,
1078 3616 1135 3681 sed
1162 3617 1194 3679 in
1214 3617 1298 3679 iliius

204 3855 239 3921 (i)
250 3856 286 3907 ite
298 3857 405 3918 Quirinii
417 3860 585 3924 descriptione
595 3860 741 3911 doctissime
756 3868 834 3924 agunt
846 3862 874 3911 B.
888 3862 975 3925 Lamy,
990 3864 1120 3928 Apparet.
1132 3861 1247 3911 cirenei.
1263 3865 1298 3908 ott

125 3941 128 3947 '
171 3937 297 3990 Hermon.
315 3940 377 3991 Ευυ.
390 3954 414 4004 p.
434 3942 521 3993 rr-sss.
537 3943 618 3994 Paris.
634 3944 712 3997 1699:
728 3944 857 4005 Patritius,
874 3945 909 3994 De
925 3945 1074 4010 Euanpdiis
1090 3945 1198 3996 Dissert.
1210 3943 1296 3992 xviii·

170 4020 296 4082 Demaret,
306 4022 342 4073 De
352 4024 458 4088 Ortpine
466 4024 590 4089 Evenpet.
602 4038 627 4088 p.
639 4024 761 4088 uta-teu
771 4026 878 4086 Waiton,
887 4027 922 4078 De
932 4027 957 4076 Ia
967 4040 1093 4090 crepuisse
1101 4027 1176 4076 duee
1190 4026 1298 4076 t’Ecaa·

168 4101 226 4166 pite,
241 4103 268 4150 2·
283 4104 323 4154 ed.
341 4117 367 4166 p.
380 4104 500 4155 sss-art.
517 4106 597 4157 Paris.
616 4106 688 4168 issu
702 4107 738 4158 Ite
752 4107 877 4172 Vsirogen
895 4108 1038 4162 introduct.
1056 4109 1099 4158 cit.
1116 4114 1135 4159 t.
1150 4105 1181 4167 li,
1194 4120 1220 4169 p.
1233 4108 1290 4169 teu

170 4183 236 4245 4923
256 4185 408 4249 ttesjardius,
429 4188 509 4239 liaeus
522 4191 565 4239 des
583 4193 712 4254 questions
727 4193 819 4242 trister.
838 4205 863 4254 p.
884 4191 949 4242 1-65.
965 4192 1045 4243 Paris
1065 4191 1136 4250 issu
1154 4192 1245 4242 hberle
1265 4192 1292 4241 in

173 4266 346 4332 Theotopische
359 4270 571 4336 Quartutsctrist,
588 4286 613 4335 p.
628 4274 748 4338 tostas,
766 4275 898 4339 'tubingen
915 4274 986 4327 isos.

204 4347 286 4415 (Mite
300 4350 423 4404 Consano.
441 4353 505 4405 Eue.
519 4353 539 4418 Ι,
554 4355 605 4420 vlt,
622 4359 661 4408 tt.
