<?xml version="1.0" encoding="UTF-8"?>
<!DOCTYPE html PUBLIC "-//W3C//DTD XHTML 1.0 Transitional//EN"
    "http://www.w3.org/TR/xhtml1/DTD/xhtml1-transitional.dtd">
<html xmlns="http://www.w3.org/1999/xhtml" xml:lang="en" lang="en">
 <head>
  <title>
</title>
<meta http-equiv="Content-Type" content="text/html;charset=utf-8" />
  <meta name='ocr-system' content='tesseract 3.04.00' />
  <meta name='ocr-capabilities' content='ocr_page ocr_carea ocr_par ocr_line ocrx_word'/>
</head>
<body>
  <div class='ocr_page' id='page_1' title='image "./introductioinsa00lamygoog/introductioinsa00lamygoog_0090.png"; bbox 0 0 3132 4964; ppageno 0'>
   <div class='ocr_carea' id='block_1_1' title="bbox 368 339 1293 421">
    <p class='ocr_par' dir='ltr' id='par_1_1' title="bbox 368 339 1293 421">
     <span class='ocr_line' id='line_1_1' title="bbox 368 339 1293 421; baseline 0.004 -21"><span class='ocrx_word' id='word_1_1' title='bbox 368 357 442 402; x_wconf 77' lang='lat' dir='ltr'><strong>rans</strong></span> <span class='ocrx_word' id='word_1_2' title='bbox 458 357 481 400; x_wconf 89' lang='lat' dir='ltr'><strong>r.</strong></span> <span class='ocrx_word' id='word_1_3' title='bbox 497 355 590 414; x_wconf 74' lang='lat' dir='ltr'><strong>parur</strong></span> <span class='ocrx_word' id='word_1_4' title='bbox 606 357 637 401; x_wconf 83' lang='lat' dir='ltr'><strong>v.</strong></span> <span class='ocrx_word' id='word_1_5' title='bbox 657 356 696 398; x_wconf 82' lang='lat' dir='ltr'><strong>ns</strong></span> <span class='ocrx_word' id='word_1_6' title='bbox 711 357 807 399; x_wconf 84' lang='lat' dir='ltr'><strong>mama</strong></span> <span class='ocrx_word' id='word_1_7' title='bbox 822 357 1086 421; x_wconf 76' lang='lat' dir='ltr'><strong>ramuronnnon.</strong></span> <span class='ocrx_word' id='word_1_8' title='bbox 1255 339 1293 404; x_wconf 80' lang='lat' dir='ltr'><strong>al</strong></span> 
     </span>
    </p>
   </div>
   <div class='ocr_carea' id='block_1_2' title="bbox 74 431 1392 3511">
    <p class='ocr_par' dir='ltr' id='par_1_2' title="bbox 74 431 1392 3511">
     <span class='ocr_line' id='line_1_2' title="bbox 164 431 1297 568; baseline 0.001 -49"><span class='ocrx_word' id='word_1_9' title='bbox 164 457 256 520; x_wconf 91' lang='lat' dir='ltr'><strong>hune</strong></span> <span class='ocrx_word' id='word_1_10' title='bbox 273 455 390 520; x_wconf 89' lang='lat' dir='ltr'><strong>librum</strong></span> <span class='ocrx_word' id='word_1_11' title='bbox 411 455 444 518; x_wconf 94' lang='lat' dir='ltr'><strong>in</strong></span> <span class='ocrx_word' id='word_1_12' title='bbox 467 474 625 518; x_wconf 84' lang='lat' dir='ltr'><strong>canonem</strong></span> <span class='ocrx_word' id='word_1_13' title='bbox 645 475 772 539; x_wconf 85' lang='lat' dir='ltr'>semper</span> <span class='ocrx_word' id='word_1_14' title='bbox 787 431 1139 568; x_wconf 45' lang='lat' dir='ltr'><strong>numerarunt-ljlvlerito</strong></span> <span class='ocrx_word' id='word_1_15' title='bbox 1157 455 1297 543; x_wconf 89' lang='lat' dir='ltr'><strong>denique</strong></span> 
     </span>
     <span class='ocr_line' id='line_1_3' title="bbox 164 556 1297 644; baseline 0.001 -22"><span class='ocrx_word' id='word_1_16' title='bbox 164 559 381 644; x_wconf 83' lang='lat' dir='ltr'><strong>Hieronymus</strong></span> <span class='ocrx_word' id='word_1_17' title='bbox 406 557 454 644; x_wconf 90' lang='lat' dir='ltr'><strong>(l)</strong></span> <span class='ocrx_word' id='word_1_18' title='bbox 471 556 547 620; x_wconf 85' lang='lat' dir='ltr'><strong>dixit</strong></span> <span class='ocrx_word' id='word_1_19' title='bbox 567 579 575 620; x_wconf 75' lang='grc' dir='ltr'><strong>ε</strong></span> <span class='ocrx_word' id='word_1_20' title='bbox 596 558 900 642; x_wconf 81' lang='lat' dir='ltr'><strong>«Paralipomenon</strong></span> <span class='ocrx_word' id='word_1_21' title='bbox 920 557 1013 643; x_wconf 90' lang='lat' dir='ltr'><strong>liber,</strong></span> <span class='ocrx_word' id='word_1_22' title='bbox 1036 558 1068 623; x_wconf 91' lang='lat' dir='ltr'><strong>id</strong></span> <span class='ocrx_word' id='word_1_23' title='bbox 1093 570 1151 643; x_wconf 89' lang='lat' dir='ltr'><strong>est,</strong></span> <span class='ocrx_word' id='word_1_24' title='bbox 1171 562 1297 624; x_wconf 88' lang='lat' dir='ltr'><strong>instru-</strong></span> 
     </span>
     <span class='ocr_line' id='line_1_4' title="bbox 165 659 1297 749; baseline 0.003 -26"><span class='ocrx_word' id='word_1_25' title='bbox 165 661 269 724; x_wconf 90' lang='lat' dir='ltr'><strong>menti</strong></span> <span class='ocrx_word' id='word_1_26' title='bbox 294 659 408 724; x_wconf 82' lang='lat' dir='ltr'><strong>veteris</strong></span> <span class='ocrx_word' id='word_1_27' title='bbox 430 680 547 744; x_wconf 81' lang='grc' dir='ltr'><em>επιτομη</em></span> <span class='ocrx_word' id='word_1_28' title='bbox 566 668 671 723; x_wconf 87' lang='lat' dir='ltr'><strong>tantus</strong></span> <span class='ocrx_word' id='word_1_29' title='bbox 687 681 725 724; x_wconf 88' lang='lat' dir='ltr'><strong>ac</strong></span> <span class='ocrx_word' id='word_1_30' title='bbox 749 660 819 723; x_wconf 90' lang='lat' dir='ltr'><strong>talis</strong></span> <span class='ocrx_word' id='word_1_31' title='bbox 840 669 896 744; x_wconf 89' lang='lat' dir='ltr'><strong>est,</strong></span> <span class='ocrx_word' id='word_1_32' title='bbox 917 669 952 724; x_wconf 88' lang='lat' dir='ltr'><strong>ut</strong></span> <span class='ocrx_word' id='word_1_33' title='bbox 973 660 1094 749; x_wconf 85' lang='lat' dir='ltr'><strong>absque</strong></span> <span class='ocrx_word' id='word_1_34' title='bbox 1110 663 1164 727; x_wconf 93' lang='lat' dir='ltr'><strong>illo</strong></span> <span class='ocrx_word' id='word_1_35' title='bbox 1182 664 1208 726; x_wconf 89' lang='lat' dir='ltr'><strong>si</strong></span> <span class='ocrx_word' id='word_1_36' title='bbox 1226 664 1297 749; x_wconf 91' lang='lat' dir='ltr'><strong>quis</strong></span> 
     </span>
     <span class='ocr_line' id='line_1_5' title="bbox 166 762 1295 850; baseline 0.003 -25"><span class='ocrx_word' id='word_1_37' title='bbox 166 763 334 827; x_wconf 90' lang='lat' dir='ltr'><strong>scientiam</strong></span> <span class='ocrx_word' id='word_1_38' title='bbox 346 763 583 848; x_wconf 78' lang='lat' dir='ltr'><strong>scripturarum</strong></span> <span class='ocrx_word' id='word_1_39' title='bbox 595 762 654 826; x_wconf 90' lang='lat' dir='ltr'><strong>sibi</strong></span> <span class='ocrx_word' id='word_1_40' title='bbox 667 763 804 827; x_wconf 86' lang='lat' dir='ltr'><strong>voluerit</strong></span> <span class='ocrx_word' id='word_1_41' title='bbox 819 784 971 848; x_wconf 78' lang='lat' dir='ltr'><strong>arrogare</strong></span> <span class='ocrx_word' id='word_1_42' title='bbox 989 765 1128 850; x_wconf 89' lang='lat' dir='ltr'><strong>seipsum</strong></span> <span class='ocrx_word' id='word_1_43' title='bbox 1144 763 1273 830; x_wconf 86' lang='lat' dir='ltr'><strong>irrideat</strong></span> <span class='ocrx_word' id='word_1_44' title='bbox 1286 790 1295 848; x_wconf 83' lang='lat'>3</span> 
     </span>
     <span class='ocr_line' id='line_1_6' title="bbox 165 862 1296 954; baseline 0.003 -25"><span class='ocrx_word' id='word_1_45' title='bbox 165 887 225 951; x_wconf 89' lang='lat' dir='ltr'><strong>per</strong></span> <span class='ocrx_word' id='word_1_46' title='bbox 241 866 366 950; x_wconf 89' lang='lat' dir='ltr'><strong>singula</strong></span> <span class='ocrx_word' id='word_1_47' title='bbox 385 866 504 953; x_wconf 80' lang='lat' dir='ltr'><strong>qnippe</strong></span> <span class='ocrx_word' id='word_1_48' title='bbox 522 866 652 929; x_wconf 90' lang='lat' dir='ltr'><strong>nomina</strong></span> <span class='ocrx_word' id='word_1_49' title='bbox 669 862 902 951; x_wconf 81' lang='lat' dir='ltr'><strong>juncturasque</strong></span> <span class='ocrx_word' id='word_1_50' title='bbox 924 866 1095 931; x_wconf 85' lang='lat' dir='ltr'><strong>verborum</strong></span> <span class='ocrx_word' id='word_1_51' title='bbox 1114 878 1146 932; x_wconf 90' lang='lat' dir='ltr'><strong>et</strong></span> <span class='ocrx_word' id='word_1_52' title='bbox 1161 877 1296 954; x_wconf 80' lang='lat' dir='ltr'><strong>prater-</strong></span> 
     </span>
     <span class='ocr_line' id='line_1_7' title="bbox 113 968 1297 1054; baseline 0.003 -24"><span class='ocrx_word' id='word_1_53' title='bbox 113 1006 114 1011; x_wconf 22' lang='grc' dir='ltr'><strong>κ</strong></span> <span class='ocrx_word' id='word_1_54' title='bbox 167 968 271 1032; x_wconf 86' lang='lat' dir='ltr'><strong>missae</strong></span> <span class='ocrx_word' id='word_1_55' title='bbox 298 970 331 1032; x_wconf 92' lang='lat' dir='ltr'><strong>in</strong></span> <span class='ocrx_word' id='word_1_56' title='bbox 358 970 484 1054; x_wconf 89' lang='lat' dir='ltr'><strong>Regum</strong></span> <span class='ocrx_word' id='word_1_57' title='bbox 511 968 600 1032; x_wconf 92' lang='lat' dir='ltr'><strong>libris</strong></span> <span class='ocrx_word' id='word_1_58' title='bbox 631 976 805 1053; x_wconf 90' lang='lat' dir='ltr'><strong>tanguntur</strong></span> <span class='ocrx_word' id='word_1_59' title='bbox 830 968 966 1032; x_wconf 72' lang='lat' dir='ltr'><strong>historiae</strong></span> <span class='ocrx_word' id='word_1_60' title='bbox 989 978 1020 1033; x_wconf 90' lang='lat' dir='ltr'><strong>et</strong></span> <span class='ocrx_word' id='word_1_61' title='bbox 1046 969 1297 1034; x_wconf 87' lang='lat' dir='ltr'><strong>innumerabiles</strong></span> 
     </span>
     <span class='ocr_line' id='line_1_8' title="bbox 167 1070 838 1156; baseline -0.004 -22"><span class='ocrx_word' id='word_1_62' title='bbox 167 1072 369 1156; x_wconf 82' lang='lat' dir='ltr'><strong>explicantur</strong></span> <span class='ocrx_word' id='word_1_63' title='bbox 380 1072 545 1156; x_wconf 80' lang='lat' dir='ltr'><strong>Evangelii</strong></span> <span class='ocrx_word' id='word_1_64' title='bbox 560 1070 761 1156; x_wconf 77' lang='lat' dir='ltr'><strong>questiones.</strong></span> <span class='ocrx_word' id='word_1_65' title='bbox 780 1097 794 1132; x_wconf 87' lang='lat'><strong>&gt;›</strong></span> <span class='ocrx_word' id='word_1_66' title='bbox 835 1100 838 1107; x_wconf 87' lang='lat'><strong>.</strong></span> 
     </span>
     <span class='ocr_line' id='line_1_9' title="bbox 210 1171 1297 1261; baseline 0.003 -26"><span class='ocrx_word' id='word_1_67' title='bbox 210 1173 265 1237; x_wconf 83' lang='lat'><strong>10.</strong></span> <span class='ocrx_word' id='word_1_68' title='bbox 287 1171 360 1258; x_wconf 83' lang='lat' dir='ltr'><strong>Olj.</strong></span> <span class='ocrx_word' id='word_1_69' title='bbox 380 1172 467 1237; x_wconf 89' lang='lat' dir='ltr'><strong>Libri</strong></span> <span class='ocrx_word' id='word_1_70' title='bbox 486 1173 756 1258; x_wconf 87' lang='lat' dir='ltr'><strong>Paralipomenon</strong></span> <span class='ocrx_word' id='word_1_71' title='bbox 778 1173 810 1236; x_wconf 94' lang='lat' dir='ltr'><strong>in</strong></span> <span class='ocrx_word' id='word_1_72' title='bbox 833 1174 940 1238; x_wconf 89' lang='lat' dir='ltr'><strong>multis</strong></span> <span class='ocrx_word' id='word_1_73' title='bbox 963 1172 1183 1261; x_wconf 82' lang='lat' dir='ltr'><strong>discrepante</strong></span> <span class='ocrx_word' id='word_1_74' title='bbox 1207 1174 1297 1238; x_wconf 87' lang='lat' dir='ltr'><strong>libris</strong></span> 
     </span>
     <span class='ocr_line' id='line_1_10' title="bbox 167 1270 1296 1361; baseline 0.001 -21"><span class='ocrx_word' id='word_1_75' title='bbox 167 1278 307 1361; x_wconf 88' lang='lat' dir='ltr'><strong>Regum,</strong></span> <span class='ocrx_word' id='word_1_76' title='bbox 334 1274 515 1361; x_wconf 86' lang='lat' dir='ltr'><strong>discrepant</strong></span> <span class='ocrx_word' id='word_1_77' title='bbox 537 1274 695 1361; x_wconf 85' lang='lat' dir='ltr'><strong>siquidem</strong></span> <span class='ocrx_word' id='word_1_78' title='bbox 720 1285 787 1347; x_wconf 90' lang='lat' dir='ltr'><strong>tum</strong></span> <span class='ocrx_word' id='word_1_79' title='bbox 813 1277 843 1340; x_wconf 92' lang='lat' dir='ltr'><strong>in</strong></span> <span class='ocrx_word' id='word_1_80' title='bbox 868 1278 959 1341; x_wconf 88' lang='lat' dir='ltr'><strong>annis</strong></span> <span class='ocrx_word' id='word_1_81' title='bbox 984 1270 1202 1361; x_wconf 81' lang='lat' dir='ltr'><strong>numerandis,</strong></span> <span class='ocrx_word' id='word_1_82' title='bbox 1227 1288 1296 1341; x_wconf 91' lang='lat' dir='ltr'><strong>tum</strong></span> 
     </span>
     <span class='ocr_line' id='line_1_11' title="bbox 167 1376 1296 1460; baseline 0.002 -20"><span class='ocrx_word' id='word_1_83' title='bbox 167 1380 199 1440; x_wconf 92' lang='lat' dir='ltr'><strong>in</strong></span> <span class='ocrx_word' id='word_1_84' title='bbox 211 1379 358 1443; x_wconf 90' lang='lat' dir='ltr'><strong>locorum</strong></span> <span class='ocrx_word' id='word_1_85' title='bbox 370 1380 431 1442; x_wconf 87' lang='lat' dir='ltr'><strong>situ</strong></span> <span class='ocrx_word' id='word_1_86' title='bbox 443 1376 628 1460; x_wconf 89' lang='lat' dir='ltr'><strong>indicando,</strong></span> <span class='ocrx_word' id='word_1_87' title='bbox 636 1386 705 1441; x_wconf 89' lang='lat' dir='ltr'><strong>tum</strong></span> <span class='ocrx_word' id='word_1_88' title='bbox 717 1378 749 1441; x_wconf 93' lang='lat' dir='ltr'><strong>in</strong></span> <span class='ocrx_word' id='word_1_89' title='bbox 762 1378 932 1443; x_wconf 82' lang='lat' dir='ltr'><strong>recitandis</strong></span> <span class='ocrx_word' id='word_1_90' title='bbox 944 1380 1073 1444; x_wconf 89' lang='lat' dir='ltr'><strong>urbium</strong></span> <span class='ocrx_word' id='word_1_91' title='bbox 1085 1389 1117 1444; x_wconf 93' lang='lat' dir='ltr'><strong>et</strong></span> <span class='ocrx_word' id='word_1_92' title='bbox 1128 1380 1296 1443; x_wconf 90' lang='lat' dir='ltr'><strong>hominum</strong></span> 
     </span>
     <span class='ocr_line' id='line_1_12' title="bbox 102 1480 1296 1567; baseline 0 -23"><span class='ocrx_word' id='word_1_93' title='bbox 102 1511 107 1528; x_wconf 79' lang='lat'>=</span> <span class='ocrx_word' id='word_1_94' title='bbox 168 1481 352 1546; x_wconf 89' lang='lat' dir='ltr'><strong>nominibus</strong></span> <span class='ocrx_word' id='word_1_95' title='bbox 376 1482 525 1566; x_wconf 86' lang='lat' dir='ltr'><strong>propriis.</strong></span> <span class='ocrx_word' id='word_1_96' title='bbox 549 1482 634 1566; x_wconf 87' lang='lat' dir='ltr'><strong>Ergo</strong></span> <span class='ocrx_word' id='word_1_97' title='bbox 659 1480 733 1544; x_wconf 90' lang='lat' dir='ltr'><strong>libri</strong></span> <span class='ocrx_word' id='word_1_98' title='bbox 758 1481 1027 1567; x_wconf 89' lang='lat' dir='ltr'><strong>Paralipomenon</strong></span> <span class='ocrx_word' id='word_1_99' title='bbox 1055 1503 1114 1546; x_wconf 90' lang='lat' dir='ltr'><strong>nec</strong></span> <span class='ocrx_word' id='word_1_100' title='bbox 1141 1482 1209 1546; x_wconf 81' lang='lat' dir='ltr'><strong>veri</strong></span> <span class='ocrx_word' id='word_1_101' title='bbox 1237 1502 1296 1544; x_wconf 90' lang='lat' dir='ltr'><strong>nec</strong></span> 
     </span>
     <span class='ocr_line' id='line_1_13' title="bbox 167 1582 1293 1669; baseline -0.001 -21"><span class='ocrx_word' id='word_1_102' title='bbox 167 1583 266 1648; x_wconf 84' lang='lat' dir='ltr'><strong>divini</strong></span> <span class='ocrx_word' id='word_1_103' title='bbox 286 1583 427 1648; x_wconf 87' lang='lat' dir='ltr'><strong>habendi</strong></span> <span class='ocrx_word' id='word_1_104' title='bbox 448 1592 532 1648; x_wconf 88' lang='lat' dir='ltr'><strong>sunt.</strong></span> <span class='ocrx_word' id='word_1_105' title='bbox 551 1584 600 1646; x_wconf 91' lang='lat' dir='ltr'><strong>lta</strong></span> <span class='ocrx_word' id='word_1_106' title='bbox 614 1583 661 1647; x_wconf 86' lang='lat' dir='ltr'><strong>De</strong></span> <span class='ocrx_word' id='word_1_107' title='bbox 677 1584 798 1666; x_wconf 89' lang='lat' dir='ltr'><strong>Wette,</strong></span> <span class='ocrx_word' id='word_1_108' title='bbox 815 1582 995 1669; x_wconf 83' lang='lat' dir='ltr'><strong>Grumberg</strong></span> <span class='ocrx_word' id='word_1_109' title='bbox 1015 1593 1046 1647; x_wconf 92' lang='lat' dir='ltr'><strong>et</strong></span> <span class='ocrx_word' id='word_1_110' title='bbox 1064 1584 1117 1648; x_wconf 90' lang='lat' dir='ltr'><strong>alii</strong></span> <span class='ocrx_word' id='word_1_111' title='bbox 1135 1593 1205 1668; x_wconf 91' lang='lat' dir='ltr'><strong>post</strong></span> <span class='ocrx_word' id='word_1_112' title='bbox 1228 1604 1293 1647; x_wconf 84' lang='lat' dir='ltr'><strong>cos.</strong></span> 
     </span>
     <span class='ocr_line' id='line_1_14' title="bbox 211 1684 1296 1772; baseline -0.002 -22"><span class='ocrx_word' id='word_1_113' title='bbox 211 1688 266 1752; x_wconf 86' lang='lat'><strong>11.</strong></span> <span class='ocrx_word' id='word_1_114' title='bbox 289 1688 380 1772; x_wconf 80' lang='lat' dir='ltr'><strong>Reap.</strong></span> <span class='ocrx_word' id='word_1_115' title='bbox 401 1686 477 1750; x_wconf 81' lang='lat' dir='ltr'><strong>Haec</strong></span> <span class='ocrx_word' id='word_1_116' title='bbox 494 1685 664 1750; x_wconf 87' lang='lat' dir='ltr'><strong>difficultas</strong></span> <span class='ocrx_word' id='word_1_117' title='bbox 691 1695 777 1750; x_wconf 88' lang='lat' dir='ltr'><strong>recte</strong></span> <span class='ocrx_word' id='word_1_118' title='bbox 799 1684 871 1771; x_wconf 88' lang='lat' dir='ltr'><strong>jam</strong></span> <span class='ocrx_word' id='word_1_119' title='bbox 897 1687 1000 1750; x_wconf 87' lang='lat' dir='ltr'><strong>soluta</strong></span> <span class='ocrx_word' id='word_1_120' title='bbox 1028 1686 1126 1750; x_wconf 83' lang='lat' dir='ltr'><strong>suita</strong></span> <span class='ocrx_word' id='word_1_121' title='bbox 1154 1685 1296 1750; x_wconf 84' lang='lat' dir='ltr'><strong>Calmeto</strong></span> 
     </span>
     <span class='ocr_line' id='line_1_15' title="bbox 168 1779 1295 1875; baseline -0.004 -21"><span class='ocrx_word' id='word_1_122' title='bbox 168 1788 281 1875; x_wconf 77' lang='lat' dir='ltr'><strong>(Pras.</strong></span> <span class='ocrx_word' id='word_1_123' title='bbox 315 1779 348 1852; x_wconf 77' lang='lat' dir='ltr'><strong>iu</strong></span> <span class='ocrx_word' id='word_1_124' title='bbox 375 1788 504 1873; x_wconf 81' lang='lat' dir='ltr'><strong>Paret.)</strong></span> <span class='ocrx_word' id='word_1_125' title='bbox 525 1789 579 1874; x_wconf 91' lang='lat' dir='ltr'><strong>qui</strong></span> <span class='ocrx_word' id='word_1_126' title='bbox 608 1788 758 1854; x_wconf 89' lang='lat' dir='ltr'><strong>observat</strong></span> <span class='ocrx_word' id='word_1_127' title='bbox 787 1790 845 1853; x_wconf 91' lang='lat' dir='ltr'><strong>has</strong></span> <span class='ocrx_word' id='word_1_128' title='bbox 867 1788 1069 1854; x_wconf 82' lang='lat' dir='ltr'><strong>difficultates</strong></span> <span class='ocrx_word' id='word_1_129' title='bbox 1092 1789 1145 1852; x_wconf 83' lang='lat' dir='ltr'><strong>uix</strong></span> <span class='ocrx_word' id='word_1_130' title='bbox 1168 1786 1295 1852; x_wconf 89' lang='lat' dir='ltr'><strong>afficere</strong></span> 
     </span>
     <span class='ocr_line' id='line_1_16' title="bbox 168 1889 1296 1976; baseline -0.001 -24"><span class='ocrx_word' id='word_1_131' title='bbox 168 1892 357 1955; x_wconf 78' lang='lat' dir='ltr'><strong>narrationis</strong></span> <span class='ocrx_word' id='word_1_132' title='bbox 368 1890 577 1955; x_wconf 89' lang='lat' dir='ltr'><strong>substantiam</strong></span> <span class='ocrx_word' id='word_1_133' title='bbox 590 1889 647 1955; x_wconf 91' lang='lat' dir='ltr'><strong>sed</strong></span> <span class='ocrx_word' id='word_1_134' title='bbox 658 1892 762 1976; x_wconf 89' lang='lat' dir='ltr'><strong>potins</strong></span> <span class='ocrx_word' id='word_1_135' title='bbox 776 1893 914 1955; x_wconf 91' lang='lat' dir='ltr'><strong>minutas</strong></span> <span class='ocrx_word' id='word_1_136' title='bbox 931 1891 1194 1956; x_wconf 84' lang='lat' dir='ltr'><strong>circumstantias.</strong></span> <span class='ocrx_word' id='word_1_137' title='bbox 1213 1890 1296 1952; x_wconf 89' lang='lat' dir='ltr'><strong>Nul-</strong></span> 
     </span>
     <span class='ocr_line' id='line_1_17' title="bbox 169 1991 1296 2085; baseline -0.003 -29"><span class='ocrx_word' id='word_1_138' title='bbox 169 1994 216 2057; x_wconf 91' lang='lat' dir='ltr'><strong>lus</strong></span> <span class='ocrx_word' id='word_1_139' title='bbox 232 2002 342 2057; x_wconf 91' lang='lat' dir='ltr'><strong>antem</strong></span> <span class='ocrx_word' id='word_1_140' title='bbox 359 1992 440 2057; x_wconf 88' lang='lat' dir='ltr'><strong>liber</strong></span> <span class='ocrx_word' id='word_1_141' title='bbox 455 1992 598 2079; x_wconf 85' lang='lat' dir='ltr'><strong>rejicitur</strong></span> <span class='ocrx_word' id='word_1_142' title='bbox 614 1993 656 2057; x_wconf 94' lang='lat' dir='ltr'><strong>ob</strong></span> <span class='ocrx_word' id='word_1_143' title='bbox 672 1991 856 2079; x_wconf 88' lang='lat' dir='ltr'><strong>hujusmodi</strong></span> <span class='ocrx_word' id='word_1_144' title='bbox 877 1992 1225 2085; x_wconf 21' lang='lat' dir='ltr'><strong>difficultates-,Plures</strong></span> <span class='ocrx_word' id='word_1_145' title='bbox 1240 2012 1296 2054; x_wconf 90' lang='lat' dir='ltr'><strong>re-</strong></span> 
     </span>
     <span class='ocr_line' id='line_1_18' title="bbox 169 2093 1298 2181; baseline -0.001 -23"><span class='ocrx_word' id='word_1_146' title='bbox 169 2097 334 2174; x_wconf 88' lang='lat' dir='ltr'><strong>periuntur</strong></span> <span class='ocrx_word' id='word_1_147' title='bbox 346 2096 401 2181; x_wconf 81' lang='lat' dir='ltr'><strong>qui</strong></span> <span class='ocrx_word' id='word_1_148' title='bbox 415 2097 514 2160; x_wconf 88' lang='lat' dir='ltr'><strong>vitam</strong></span> <span class='ocrx_word' id='word_1_149' title='bbox 527 2095 701 2160; x_wconf 84' lang='lat' dir='ltr'><strong>Alexandri</strong></span> <span class='ocrx_word' id='word_1_150' title='bbox 715 2097 820 2180; x_wconf 84' lang='lat' dir='ltr'><strong>Magni</strong></span> <span class='ocrx_word' id='word_1_151' title='bbox 837 2096 948 2159; x_wconf 89' lang='lat' dir='ltr'><strong>litteris</strong></span> <span class='ocrx_word' id='word_1_152' title='bbox 960 2093 1132 2159; x_wconf 59' lang='lat' dir='ltr'><strong>mandaru*</strong></span> <span class='ocrx_word' id='word_1_153' title='bbox 1144 2104 1154 2158; x_wconf 94' lang='lat' dir='ltr'><strong>t</strong></span> <span class='ocrx_word' id='word_1_154' title='bbox 1181 2093 1298 2157; x_wconf 90' lang='lat' dir='ltr'><strong>discre-</strong></span> 
     </span>
     <span class='ocr_line' id='line_1_19' title="bbox 169 2116 1299 2284; baseline -0.002 -26"><span class='ocrx_word' id='word_1_155' title='bbox 169 2205 244 2279; x_wconf 91' lang='lat' dir='ltr'><strong>pant</strong></span> <span class='ocrx_word' id='word_1_156' title='bbox 261 2206 369 2261; x_wconf 88' lang='lat' dir='ltr'><strong>autem</strong></span> <span class='ocrx_word' id='word_1_157' title='bbox 392 2197 425 2260; x_wconf 92' lang='lat' dir='ltr'><strong>in</strong></span> <span class='ocrx_word' id='word_1_158' title='bbox 447 2195 606 2281; x_wconf 79' lang='lat' dir='ltr'><strong>pluribus,</strong></span> <span class='ocrx_word' id='word_1_159' title='bbox 624 2218 666 2260; x_wconf 91' lang='lat' dir='ltr'><strong>an</strong></span> <span class='ocrx_word' id='word_1_160' title='bbox 681 2195 801 2261; x_wconf 90' lang='lat' dir='ltr'><strong>idcirco</strong></span> <span class='ocrx_word' id='word_1_161' title='bbox 821 2197 952 2260; x_wconf 87' lang='lat' dir='ltr'><strong>historia</strong></span> <span class='ocrx_word' id='word_1_162' title='bbox 967 2197 1035 2260; x_wconf 81' lang='lat' dir='ltr'><strong>hac</strong></span> <span class='ocrx_word' id='word_1_163' title='bbox 1047 2197 1106 2260; x_wconf 92' lang='lat' dir='ltr'><strong>erit</strong></span> <span class='ocrx_word' id='word_1_164' title='bbox 1120 2116 1299 2284; x_wconf 7' lang='lat' dir='ltr'><strong>bibiagaut</strong></span> 
     </span>
     <span class='ocr_line' id='line_1_20' title="bbox 170 2295 1296 2386; baseline 0.003 -26"><span class='ocrx_word' id='word_1_165' title='bbox 170 2298 240 2362; x_wconf 89' lang='lat' dir='ltr'><strong>libri</strong></span> <span class='ocrx_word' id='word_1_166' title='bbox 253 2299 442 2386; x_wconf 82' lang='lat' dir='ltr'><strong>rejiciendi?</strong></span> <span class='ocrx_word' id='word_1_167' title='bbox 457 2300 535 2381; x_wconf 83' lang='lat' dir='ltr'><strong>Quis</strong></span> <span class='ocrx_word' id='word_1_168' title='bbox 547 2322 586 2363; x_wconf 85' lang='lat' dir='ltr'><strong>ex</strong></span> <span class='ocrx_word' id='word_1_169' title='bbox 598 2300 813 2363; x_wconf 87' lang='lat' dir='ltr'><strong>Rationalistis</strong></span> <span class='ocrx_word' id='word_1_170' title='bbox 830 2300 892 2364; x_wconf 89' lang='lat' dir='ltr'><strong>hoe</strong></span> <span class='ocrx_word' id='word_1_171' title='bbox 907 2298 1066 2363; x_wconf 87' lang='lat' dir='ltr'><strong>affirmare</strong></span> <span class='ocrx_word' id='word_1_172' title='bbox 1082 2297 1185 2362; x_wconf 78' lang='lat' dir='ltr'><strong>ausit?</strong></span> <span class='ocrx_word' id='word_1_173' title='bbox 1201 2295 1296 2378; x_wconf 83' lang='lat' dir='ltr'><strong>Quod</strong></span> 
     </span>
     <span class='ocr_line' id='line_1_21' title="bbox 171 2398 1291 2488; baseline 0.001 -26"><span class='ocrx_word' id='word_1_174' title='bbox 171 2401 194 2463; x_wconf 93' lang='lat' dir='ltr'><strong>si</strong></span> <span class='ocrx_word' id='word_1_175' title='bbox 208 2402 268 2466; x_wconf 91' lang='lat' dir='ltr'><strong>hoc</strong></span> <span class='ocrx_word' id='word_1_176' title='bbox 284 2424 350 2467; x_wconf 91' lang='lat' dir='ltr'><strong>non</strong></span> <span class='ocrx_word' id='word_1_177' title='bbox 370 2402 521 2486; x_wconf 84' lang='lat' dir='ltr'><strong>audeant,</strong></span> <span class='ocrx_word' id='word_1_178' title='bbox 538 2424 596 2467; x_wconf 92' lang='lat' dir='ltr'><strong>cur</strong></span> <span class='ocrx_word' id='word_1_179' title='bbox 609 2402 707 2466; x_wconf 90' lang='lat' dir='ltr'><strong>libros</strong></span> <span class='ocrx_word' id='word_1_180' title='bbox 722 2403 989 2487; x_wconf 91' lang='lat' dir='ltr'><strong>Paralipomenon</strong></span> <span class='ocrx_word' id='word_1_181' title='bbox 1004 2401 1135 2488; x_wconf 89' lang='lat' dir='ltr'><strong>rejicere</strong></span> <span class='ocrx_word' id='word_1_182' title='bbox 1150 2398 1291 2465; x_wconf 79' lang='lat' dir='ltr'><strong>audent?</strong></span> 
     </span>
     <span class='ocr_line' id='line_1_22' title="bbox 170 2491 1392 2590; baseline 0.001 -25"><span class='ocrx_word' id='word_1_183' title='bbox 170 2502 278 2568; x_wconf 90' lang='lat' dir='ltr'><strong>Nonne</strong></span> <span class='ocrx_word' id='word_1_184' title='bbox 297 2526 356 2590; x_wconf 93' lang='lat' dir='ltr'><strong>par</strong></span> <span class='ocrx_word' id='word_1_185' title='bbox 376 2514 475 2568; x_wconf 82' lang='lat' dir='ltr'><strong>estex</strong></span> <span class='ocrx_word' id='word_1_186' title='bbox 499 2514 635 2589; x_wconf 87' lang='lat' dir='ltr'><strong>utraque</strong></span> <span class='ocrx_word' id='word_1_187' title='bbox 652 2516 743 2589; x_wconf 91' lang='lat' dir='ltr'><strong>parte</strong></span> <span class='ocrx_word' id='word_1_188' title='bbox 770 2503 877 2569; x_wconf 84' lang='lat' dir='ltr'><strong>ratio?</strong></span> <span class='ocrx_word' id='word_1_189' title='bbox 901 2505 1050 2587; x_wconf 84' lang='lat' dir='ltr'><strong>Quinimo</strong></span> <span class='ocrx_word' id='word_1_190' title='bbox 1069 2504 1142 2569; x_wconf 89' lang='lat' dir='ltr'><strong>libri</strong></span> <span class='ocrx_word' id='word_1_191' title='bbox 1164 2503 1291 2567; x_wconf 89' lang='lat' dir='ltr'><strong>Parali-</strong></span> <span class='ocrx_word' id='word_1_192' title='bbox 1391 2491 1392 2494; x_wconf 23' lang='lat'>¹</span> 
     </span>
     <span class='ocr_line' id='line_1_23' title="bbox 171 2607 1290 2694; baseline 0.001 -25"><span class='ocrx_word' id='word_1_193' title='bbox 171 2626 330 2689; x_wconf 92' lang='lat' dir='ltr'><strong>pomenon</strong></span> <span class='ocrx_word' id='word_1_194' title='bbox 346 2609 487 2692; x_wconf 88' lang='lat' dir='ltr'><strong>perfecte</strong></span> <span class='ocrx_word' id='word_1_195' title='bbox 505 2610 538 2671; x_wconf 89' lang='lat' dir='ltr'><strong>iu</strong></span> <span class='ocrx_word' id='word_1_196' title='bbox 555 2607 703 2672; x_wconf 91' lang='lat' dir='ltr'><strong>omnibus</strong></span> <span class='ocrx_word' id='word_1_197' title='bbox 720 2607 880 2694; x_wconf 89' lang='lat' dir='ltr'><strong>quadrant</strong></span> <span class='ocrx_word' id='word_1_198' title='bbox 906 2630 979 2673; x_wconf 91' lang='lat' dir='ltr'><strong>cum</strong></span> <span class='ocrx_word' id='word_1_199' title='bbox 998 2608 1086 2672; x_wconf 90' lang='lat' dir='ltr'><strong>libris</strong></span> <span class='ocrx_word' id='word_1_200' title='bbox 1107 2610 1244 2692; x_wconf 88' lang='lat' dir='ltr'><strong>Regum,</strong></span> <span class='ocrx_word' id='word_1_201' title='bbox 1265 2608 1290 2670; x_wconf 91' lang='lat' dir='ltr'><strong>si</strong></span> 
     </span>
     <span class='ocr_line' id='line_1_24' title="bbox 172 2710 1360 2798; baseline 0.001 -27"><span class='ocrx_word' id='word_1_202' title='bbox 172 2711 366 2796; x_wconf 83' lang='lat' dir='ltr'><strong>excipiantur</strong></span> <span class='ocrx_word' id='word_1_203' title='bbox 384 2711 531 2797; x_wconf 86' lang='lat' dir='ltr'><strong>quaedam</strong></span> <span class='ocrx_word' id='word_1_204' title='bbox 550 2711 755 2776; x_wconf 89' lang='lat' dir='ltr'><strong>librariorum</strong></span> <span class='ocrx_word' id='word_1_205' title='bbox 773 2710 904 2794; x_wconf 89' lang='lat' dir='ltr'><strong>menda,</strong></span> <span class='ocrx_word' id='word_1_206' title='bbox 921 2732 992 2798; x_wconf 79' lang='lat' dir='ltr'><strong>quae</strong></span> <span class='ocrx_word' id='word_1_207' title='bbox 1009 2711 1051 2775; x_wconf 88' lang='lat' dir='ltr'><strong>ab</strong></span> <span class='ocrx_word' id='word_1_208' title='bbox 1068 2712 1210 2774; x_wconf 90' lang='lat' dir='ltr'><strong>humana</strong></span> <span class='ocrx_word' id='word_1_209' title='bbox 1225 2711 1290 2772; x_wconf 85' lang='lat' dir='ltr'><strong>im·</strong></span> <span class='ocrx_word' id='word_1_210' title='bbox 1357 2756 1360 2762; x_wconf 85' lang='grc'><strong>-</strong></span> 
     </span>
     <span class='ocr_line' id='line_1_25' title="bbox 172 2809 1289 2898; baseline 0.001 -24"><span class='ocrx_word' id='word_1_211' title='bbox 172 2809 340 2876; x_wconf 87' lang='lat' dir='ltr'><strong>bacillitate</strong></span> <span class='ocrx_word' id='word_1_212' title='bbox 353 2812 466 2876; x_wconf 88' lang='lat' dir='ltr'><strong>nullibi</strong></span> <span class='ocrx_word' id='word_1_213' title='bbox 480 2815 576 2896; x_wconf 91' lang='lat' dir='ltr'><strong>Deus,</strong></span> <span class='ocrx_word' id='word_1_214' title='bbox 590 2812 763 2898; x_wconf 88' lang='lat' dir='ltr'><strong>nequidem</strong></span> <span class='ocrx_word' id='word_1_215' title='bbox 775 2815 809 2877; x_wconf 92' lang='lat' dir='ltr'><strong>in</strong></span> <span class='ocrx_word' id='word_1_216' title='bbox 821 2813 910 2877; x_wconf 90' lang='lat' dir='ltr'><strong>libris</strong></span> <span class='ocrx_word' id='word_1_217' title='bbox 928 2812 1043 2877; x_wconf 81' lang='lat' dir='ltr'><strong>divinis</strong></span> <span class='ocrx_word' id='word_1_218' title='bbox 1059 2809 1289 2892; x_wconf 86' lang='lat' dir='ltr'><strong>describendis,</strong></span> 
     </span>
     <span class='ocr_line' id='line_1_26' title="bbox 173 2911 1291 3001; baseline 0 -26"><span class='ocrx_word' id='word_1_219' title='bbox 173 2913 265 2978; x_wconf 86' lang='lat' dir='ltr'><strong>voluit</strong></span> <span class='ocrx_word' id='word_1_220' title='bbox 280 2936 347 2978; x_wconf 92' lang='lat' dir='ltr'><strong>esse</strong></span> <span class='ocrx_word' id='word_1_221' title='bbox 365 2914 507 2979; x_wconf 81' lang='lat' dir='ltr'><strong>uitanda.</strong></span> <span class='ocrx_word' id='word_1_222' title='bbox 527 2916 703 2979; x_wconf 86' lang='lat' dir='ltr'><strong>Potuerunt</strong></span> <span class='ocrx_word' id='word_1_223' title='bbox 713 2917 808 3001; x_wconf 89' lang='lat' dir='ltr'><strong>igitur</strong></span> <span class='ocrx_word' id='word_1_224' title='bbox 824 2915 945 2980; x_wconf 94' lang='lat' dir='ltr'><strong>librarii</strong></span> <span class='ocrx_word' id='word_1_225' title='bbox 958 2917 1022 2980; x_wconf 82' lang='lat' dir='ltr'><strong>sive</strong></span> <span class='ocrx_word' id='word_1_226' title='bbox 1038 2917 1071 2979; x_wconf 91' lang='lat' dir='ltr'><strong>in</strong></span> <span class='ocrx_word' id='word_1_227' title='bbox 1089 2911 1291 2979; x_wconf 88' lang='lat' dir='ltr'><strong>recensendis</strong></span> 
     </span>
     <span class='ocr_line' id='line_1_27' title="bbox 172 3016 1290 3104; baseline -0.001 -26"><span class='ocrx_word' id='word_1_228' title='bbox 172 3019 319 3099; x_wconf 89' lang='lat' dir='ltr'><strong>numeris,</strong></span> <span class='ocrx_word' id='word_1_229' title='bbox 334 3019 398 3082; x_wconf 88' lang='lat' dir='ltr'><strong>sive</strong></span> <span class='ocrx_word' id='word_1_230' title='bbox 416 3018 449 3081; x_wconf 92' lang='lat' dir='ltr'><strong>in</strong></span> <span class='ocrx_word' id='word_1_231' title='bbox 465 3017 713 3082; x_wconf 86' lang='lat' dir='ltr'><strong>transcribendis</strong></span> <span class='ocrx_word' id='word_1_232' title='bbox 732 3019 914 3083; x_wconf 91' lang='lat' dir='ltr'><strong>nominibus</strong></span> <span class='ocrx_word' id='word_1_233' title='bbox 928 3016 1081 3104; x_wconf 87' lang='lat' dir='ltr'><strong>quasdam</strong></span> <span class='ocrx_word' id='word_1_234' title='bbox 1095 3018 1213 3080; x_wconf 86' lang='lat' dir='ltr'><strong>litteras</strong></span> <span class='ocrx_word' id='word_1_235' title='bbox 1228 3017 1290 3078; x_wconf 90' lang='lat' dir='ltr'><strong>im·</strong></span> 
     </span>
     <span class='ocr_line' id='line_1_28' title="bbox 171 3118 1287 3204; baseline 0 -24"><span class='ocrx_word' id='word_1_236' title='bbox 171 3128 302 3202; x_wconf 87' lang='lat' dir='ltr'><strong>mutare,</strong></span> <span class='ocrx_word' id='word_1_237' title='bbox 314 3128 486 3204; x_wconf 89' lang='lat' dir='ltr'><strong>potuerunt</strong></span> <span class='ocrx_word' id='word_1_238' title='bbox 499 3142 593 3186; x_wconf 88' lang='lat' dir='ltr'><strong>voces</strong></span> <span class='ocrx_word' id='word_1_239' title='bbox 606 3123 762 3203; x_wconf 90' lang='lat' dir='ltr'><strong>omittere,</strong></span> <span class='ocrx_word' id='word_1_240' title='bbox 775 3121 921 3184; x_wconf 92' lang='lat' dir='ltr'><strong>homines</strong></span> <span class='ocrx_word' id='word_1_241' title='bbox 933 3129 1024 3184; x_wconf 90' lang='lat' dir='ltr'><strong>erant</strong></span> <span class='ocrx_word' id='word_1_242' title='bbox 1034 3120 1134 3183; x_wconf 89' lang='lat' dir='ltr'><strong>errori</strong></span> <span class='ocrx_word' id='word_1_243' title='bbox 1147 3118 1287 3201; x_wconf 80' lang='lat' dir='ltr'><strong>obnoxii3</strong></span> 
     </span>
     <span class='ocr_line' id='line_1_29' title="bbox 171 3221 1290 3304; baseline 0.001 -21"><span class='ocrx_word' id='word_1_244' title='bbox 171 3230 338 3304; x_wconf 90' lang='lat' dir='ltr'><strong>potuerunt</strong></span> <span class='ocrx_word' id='word_1_245' title='bbox 353 3224 448 3287; x_wconf 92' lang='lat' dir='ltr'><strong>etiam</strong></span> <span class='ocrx_word' id='word_1_246' title='bbox 465 3223 647 3288; x_wconf 92' lang='lat' dir='ltr'><strong>nominibus</strong></span> <span class='ocrx_word' id='word_1_247' title='bbox 662 3224 822 3287; x_wconf 88' lang='lat' dir='ltr'><strong>nonnullis</strong></span> <span class='ocrx_word' id='word_1_248' title='bbox 838 3224 983 3288; x_wconf 90' lang='lat' dir='ltr'><strong>locorum</strong></span> <span class='ocrx_word' id='word_1_249' title='bbox 1000 3232 1058 3287; x_wconf 91' lang='lat' dir='ltr'><strong>aut</strong></span> <span class='ocrx_word' id='word_1_250' title='bbox 1069 3221 1211 3286; x_wconf 83' lang='lat' dir='ltr'><strong>virorum</strong></span> <span class='ocrx_word' id='word_1_251' title='bbox 1226 3221 1290 3284; x_wconf 92' lang='lat' dir='ltr'><strong>alia</strong></span> 
     </span>
     <span class='ocr_line' id='line_1_30' title="bbox 74 3320 1288 3412; baseline 0.001 -27"><span class='ocrx_word' id='word_1_252' title='bbox 74 3380 77 3385; x_wconf 23' lang='lat'><strong>⁴</strong></span> <span class='ocrx_word' id='word_1_253' title='bbox 171 3320 355 3388; x_wconf 87' lang='lat' dir='ltr'><strong>substituere</strong></span> <span class='ocrx_word' id='word_1_254' title='bbox 375 3333 430 3388; x_wconf 90' lang='lat' dir='ltr'><strong>ant</strong></span> <span class='ocrx_word' id='word_1_255' title='bbox 455 3326 529 3411; x_wconf 88' lang='lat' dir='ltr'><strong>quia</strong></span> <span class='ocrx_word' id='word_1_256' title='bbox 554 3326 685 3412; x_wconf 89' lang='lat' dir='ltr'><strong>antiqua</strong></span> <span class='ocrx_word' id='word_1_257' title='bbox 708 3326 836 3389; x_wconf 86' lang='lat' dir='ltr'><strong>nomina</strong></span> <span class='ocrx_word' id='word_1_258' title='bbox 860 3324 1104 3406; x_wconf 82' lang='lat' dir='ltr'><strong>obsoleverant,</strong></span> <span class='ocrx_word' id='word_1_259' title='bbox 1135 3332 1191 3388; x_wconf 85' lang='lat' dir='ltr'><strong>ant</strong></span> <span class='ocrx_word' id='word_1_260' title='bbox 1214 3322 1288 3408; x_wconf 91' lang='lat' dir='ltr'><strong>quia</strong></span> 
     </span>
     <span class='ocr_line' id='line_1_31' title="bbox 171 3419 1362 3511; baseline 0.003 -28"><span class='ocrx_word' id='word_1_261' title='bbox 171 3426 344 3491; x_wconf 89' lang='lat' dir='ltr'><strong>recentiora</strong></span> <span class='ocrx_word' id='word_1_262' title='bbox 364 3448 432 3490; x_wconf 88' lang='lat' dir='ltr'><strong>rem</strong></span> <span class='ocrx_word' id='word_1_263' title='bbox 454 3428 555 3511; x_wconf 87' lang='lat' dir='ltr'><strong>magis</strong></span> <span class='ocrx_word' id='word_1_264' title='bbox 574 3427 788 3492; x_wconf 87' lang='lat' dir='ltr'><strong>elucidabant.</strong></span> <span class='ocrx_word' id='word_1_265' title='bbox 808 3429 957 3492; x_wconf 85' lang='lat' dir='ltr'><strong>Plurimae</strong></span> <span class='ocrx_word' id='word_1_266' title='bbox 972 3436 1079 3492; x_wconf 90' lang='lat' dir='ltr'><strong>antem</strong></span> <span class='ocrx_word' id='word_1_267' title='bbox 1095 3447 1134 3490; x_wconf 84' lang='lat' dir='ltr'><strong>ex</strong></span> <span class='ocrx_word' id='word_1_268' title='bbox 1148 3423 1289 3489; x_wconf 88' lang='lat' dir='ltr'><strong>difficnl-</strong></span> <span class='ocrx_word' id='word_1_269' title='bbox 1359 3419 1362 3425; x_wconf 74' lang='grc'><strong>’</strong></span> 
     </span>
    </p>
   </div>
   <div class='ocr_carea' id='block_1_3' title="bbox 117 3527 1164 3617">
    <p class='ocr_par' dir='ltr' id='par_1_3' title="bbox 117 3527 1164 3617">
     <span class='ocr_line' id='line_1_32' title="bbox 117 3527 1164 3617; baseline 0.004 -30"><span class='ocrx_word' id='word_1_270' title='bbox 117 3546 121 3556; x_wconf 74' lang='grc'><em>’</em></span> <span class='ocrx_word' id='word_1_271' title='bbox 174 3527 283 3593; x_wconf 87' lang='lat' dir='ltr'><strong>tatibus</strong></span> <span class='ocrx_word' id='word_1_272' title='bbox 300 3550 371 3614; x_wconf 86' lang='lat' dir='ltr'><strong>quae</strong></span> <span class='ocrx_word' id='word_1_273' title='bbox 384 3529 574 3613; x_wconf 80' lang='lat' dir='ltr'><strong>afferuntur,</strong></span> <span class='ocrx_word' id='word_1_274' title='bbox 593 3539 679 3594; x_wconf 86' lang='lat' dir='ltr'><strong>textu</strong></span> <span class='ocrx_word' id='word_1_275' title='bbox 699 3533 757 3596; x_wconf 90' lang='lat' dir='ltr'><strong>rite</strong></span> <span class='ocrx_word' id='word_1_276' title='bbox 775 3533 943 3617; x_wconf 84' lang='lat' dir='ltr'><strong>explicato,</strong></span> <span class='ocrx_word' id='word_1_277' title='bbox 962 3537 1164 3595; x_wconf 84' lang='lat' dir='ltr'><strong>evanescunt.</strong></span> 
     </span>
    </p>
   </div>
   <div class='ocr_carea' id='block_1_4' title="bbox 152 3709 499 3813">
    <p class='ocr_par' dir='ltr' id='par_1_4' title="bbox 152 3709 499 3813">
     <span class='ocr_line' id='line_1_33' title="bbox 152 3709 499 3813; baseline 0.029 -23"><span class='ocrx_word' id='word_1_278' title='bbox 152 3709 153 3712; x_wconf 8' lang='grc' dir='ltr'><strong>Ἴ</strong></span> <span class='ocrx_word' id='word_1_279' title='bbox 206 3741 238 3808; x_wconf 86' lang='lat' dir='ltr'><strong>(l)</strong></span> <span class='ocrx_word' id='word_1_280' title='bbox 247 3747 331 3813; x_wconf 81' lang='lat' dir='ltr'><strong>Epist.</strong></span> <span class='ocrx_word' id='word_1_281' title='bbox 347 3750 382 3799; x_wconf 83' lang='lat' dir='ltr'><strong>od</strong></span> <span class='ocrx_word' id='word_1_282' title='bbox 393 3748 499 3801; x_wconf 82' lang='lat' dir='ltr'><strong>Poulin.</strong></span> 
     </span>
    </p>
   </div>
   <div class='ocr_carea' id='block_1_5' title="bbox 0 0 1579 4964">
    <p class='ocr_par' dir='ltr' id='par_1_5' title="bbox 0 0 1579 4964">
     <span class='ocr_line' id='line_1_34' title="bbox 0 0 1579 4964; baseline 0 0"><span class='ocrx_word' id='word_1_283' title='bbox 0 0 1579 4964; x_wconf 95' lang='lat' dir='ltr'><strong> </strong></span> 
     </span>
    </p>
   </div>
  </div>
 </body>
</html>
