3132 4964
285 354 349 417 tao
519 364 720 412 rnrnooucrio
737 367 885 410 sanutus
904 367 937 409 m
956 367 1086 528 agamqr
1125 367 1202 413 aaa.

285 473 319 535 in
337 472 506 536 cisternam
520 469 656 531 lutosam
669 464 831 550 conjectus
844 465 905 530 fuit
916 418 992 551 (ll,
1023 467 1212 552 ierosolyma
1229 477 1332 554 capta,
1349 467 1422 532 dux

286 569 609 638 Nabuchodonosoris
628 568 800 631 Jercmiam
827 590 847 632 a
860 568 1009 794 &peplis
1033 569 1180 634 liberavit
1202 570 1295 657 eique
1317 579 1423 655 pote-

286 688 400 741 statem
415 676 491 739 feeit
505 695 538 736 se
554 672 697 757 recipere
710 693 775 757 quo
792 672 887 735 vellet
969 693 986 735 c
1002 672 1129 736 licentia
1145 682 1237 737 utens
1253 675 1423 759 Propheta

285 783 318 843 in
345 778 456 843 Judaa
476 763 719 881 remansitlcum
746 775 925 837 ruricoltss
970 775 1133 888 liat'ppem
1155 775 1244 840 urhis
1268 787 1299 841 et
1321 787 1421 841 terrae

283 883 384 947 flebili
410 880 553 945 carmine
576 879 700 962 lugens.
720 796 1111 983 Deniquetj'iffilitum
1129 879 1246 942 transir'
1285 870 1443 990 coacQs]
1540 932 1541 951 ,

286 986 330 1049 ihi
346 1005 417 1069 per
430 983 552 1068 aliquot
568 1000 669 1043 annos
685 978 889 1063 prophetavit
906 999 979 1042 suos
998 978 1039 1043 de
1057 980 1242 1045 criminibus
1267 979 1421 1046 admissis
1470 1063 1474 1071 Ι

163 1126 165 1131 -
284 1106 423 1172 arguens
450 1094 481 1147 et
510 1080 664 1167 AEgyptiis
688 1080 794 1144 futura
822 1081 907 1145 mala
931 1079 1122 1146 denuntians
1184 1085 1302 1147 arturi
1342 1105 1418 1168 um,

284 1198 456 1275 postquam
479 1183 711 1271 quinquaginta
736 1183 862 1247 circiter
884 1202 985 1247 annos
1007 1184 1196 1248 vaticinatus
1220 1106 1420 1353 essetlss'uia

1339 1289 1364 1353 h

1336 1270 1460 1291 *uu-‘⁸-

284 1294 349 1357 suis
362 1290 549 1356 idololatriae
563 1288 686 1351 crimen
696 1286 904 1350 vehementer
916 1286 1451 1401 0¹PPQPXQQQ
1532 1368 1537 1383 ο

284 1405 354 1458 tum
371 1381 552 1494 internam]
553 1390 586 1452 S.
612 1389 753 1474 Ignatius
770 1398 801 1452 et
817 1389 850 1454 S.
907 1409 1087 1473 leronymus
1105 1389 1153 1475 (P)
1172 1389 1303 1455 tradunt
1318 1392 1420 1455 Jere-
1466 1380 1469 1385 ¹

246 1485 248 1489 ’
285 1497 383 1560 miam
406 1495 455 1558 vir
479 1493 564 1554 'nem
587 1491 821 1577 permansisse,
848 1511 920 1576 quae
943 1492 1097 1555 sententia
1120 1494 1248 1557 ex‘Jar.
1273 1492 1370 1577 XVI,
1398 1496 1419 1558 2

42 1590 237 1705 [sputu.
284 1513 642 1688 deduciturffieremias
659 1614 722 1656 non
746 1595 850 1657 solum
866 1594 1027 1678 Propheta
1051 1595 1122 1678 luit,
1140 1593 1194 1658 sed
1219 1595 1262 1659 oh
1279 1595 1417 1682 probra,

131 1728 221 1796 „pm
284 1701 433 1782 verbera,
448 1718 623 1779 carcerem,
638 1697 806 1781 omnisque
819 1697 944 1781 generis
960 1698 1155 1780 vexationes,
1170 1720 1250 1784 quas
1262 1701 1419 1764 continuo

76 1728 131 1904 7!
283 1825 395 1890 passus
411 1812 468 1884 est,
488 1801 593 1889 tlhrist
663 1798 851 1863 crucifixum
868 1800 972 1884 typice
988 1789 1270 1968 repraesentavit}

329 1908 359 1969 2⁴
375 1820 782 1997 Arpumeuturfflffiatioinia
794 1902 942 1965 Jeremiae
955 1913 1101 1967 auctores
1115 1924 1242 1968 commo
1267 1903 1417 1969 edistiu-

26 2030 29 2034 ’
113 1989 209 2103 [lg
283 2018 386 2096 guunt
408 2009 440 2071 in
462 2005 542 2070 duas
565 2014 683 2090 partes,
699 2025 837 2089 quarum
856 2006 961 2089 prima
976 2003 1103 2069 ludaeos
1120 2016 1252 2091 spectat,
1271 2006 1416 2072 secunda

284 2125 451 2178 extraneos
480 2111 627 2196 populos.
655 2109 762 2172 Prima
793 2129 867 2199 pars
896 2106 1005 2205 (Q
1035 2108 1168 2195 I-XLV)
1192 2111 1417 2194 complectitur

282 2216 533 2295 adhortationem
552 2212 750 2276 narrationes
766 2211 932 2275 historicas
948 2221 979 2274 et
991 2211 1139 2275 vaticinia
1155 2233 1175 2275 a
1192 2211 1353 2297 Propheta
1370 2211 1414 2277 ad

281 2323 323 2384 Ju
349 2341 410 2383 aeos
429 2316 562 2398 directa,
582 2336 654 2401 quae
672 2315 779 2378 omnia
794 2313 920 2377 turbato
933 2300 1115 2399 temporum
1131 2314 1243 2379 ordine
1259 2300 1415 2380 referun-

283 2319 417 2588 tuibln
445 2423 507 2485 hac
536 2428 644 2483 autem
674 2427 765 2504 parte
792 2426 875 2480 totus
902 2426 948 2481 est
974 2417 1133 2503 Propheta
1162 2420 1194 2483 in
1214 2418 1414 2505 increpanda
1470 2410 1473 2416 ¹

281 2527 324 2589 lu
348 2544 468 2587 aeorum
482 2518 719 2606 ingratitudine,
727 2520 889 2604 impietate
900 2530 932 2584 et
944 2519 1123 2585 idololatria
1138 2521 1181 2585 oh
1193 2543 1264 2607 quae
1276 2523 1414 2611 crimina

283 2623 427 2712 praedicit
450 2621 636 2687 ludaeorum
652 2622 808 2707 populum
824 2630 855 2684 et
871 2620 1030 2707 principes
1049 2644 1068 2686 a
1087 2623 1166 2706 Deo,
1185 2625 1414 2689 nonobstante

282 2729 367 2792 illius
386 2748 459 2790 cum
478 2725 553 2810 ipsis
569 2723 702 2806 loedere,
727 2745 803 2786 mox
826 2722 1109 2809 derelinquendos,
1128 2727 1356 2813 templumque
1373 2749 1413 2792 ac

281 2831 398 2895 urbem
411 2840 441 2893 et
454 2849 589 2914 regnum
601 2849 659 2913 por
674 2825 776 2911 Bahyl
821 2825 867 2890 ios
880 2825 1064 2911 evertenda,
1079 2826 1207 2892 Judaeos
1222 2827 1362 2915 denique
1378 2831 1413 2895 in

229 3002 235 3019 ‚
282 2933 493 3020 Babyloniam
530 2847 826 3047 deportandos&
855 2939 962 2994 tamen
991 2931 1090 2995 tristia
1113 2930 1182 2995 haec
1206 2933 1303 2996 leniat
1325 2934 1413 2997 Pro-

282 3039 378 3122 pheta
404 3033 547 3120 praedicit
569 3033 699 3130 exiljmr
721 3031 845 3096 nonnisi
869 3034 1067 3124 septuaginta
1091 3055 1192 3099 annos
1220 3033 1417 3128 duraturum

281 3139 396 3224 (XXV,
412 3137 480 3223 ll),
499 3159 562 3223 quo
580 3138 733 3221 temporis
748 3137 849 3220 spatio
866 3145 989 3219 exacto,
1004 3156 1091 3221 popu
1105 3158 1142 3199 us
1155 3159 1188 3200 m
1200 3137 1347 3202 'Judaeam
1365 3126 1413 3203 est
1486 3218 1489 3226 Ι

282 3228 535 3403 redituraqpflis
564 3248 671 3302 autem
695 3237 869 3322 prophetiis
900 3238 1053 3300 nonnulla
1082 3239 1194 3302 miscet
1215 3241 1346 3304 oracula
1369 3239 1411 3304 de

281 3349 417 3404 venturo
464 3341 556 3422 essia,
571 3338 663 3425 cujus
675 3348 765 3403 aetate
781 3340 865 3406 Deus
882 3360 956 3403 cum
969 3340 1088 3424 populo
1101 3361 1159 3404 suo
1175 3362 1295 3406 novum
1307 3340 1412 3407 foedus

281 3441 385 3505 inibit.
406 3439 562 3522 Quadam
578 3442 707 3505 oracula
722 3441 885 3525 speciatim
902 3441 1076 3525 respiciunt
1090 3441 1288 3527 Joakimum,
1312 3465 1411 3529 quem

280 3543 436 3608 Jeremias
450 3541 593 3627 praedicit
607 3543 770 3627 sepultura
784 3543 972 3624 cariturum,
986 3544 1187 3627 lechoniam,
1202 3567 1300 3630 quem
1313 3547 1414 3611 Chal-⁶

280 3645 358 3710 daeis
372 3642 565 3708 tradendum
583 3647 751 3708 annuntiat
766 3643 895 3730 (xxti),
911 3654 942 3708 et
961 3644 1141 3729 Sedcoiam,
1156 3669 1220 3732 quo
1242 3657 1409 3732 regnante,

250 3788 252 3792 ·
279 3749 479 3834 ‚ierosolyma
504 3756 598 3833 capta
622 3748 683 3812 fuit
701 3756 733 3811 et
761 3748 898 3833 populus
924 3748 957 3811 in
975 3749 1105 3812 exilium
1122 3748 1292 3815 abductus.
1315 3751 1410 3817 Hisce

280 3861 389 3918 autem
401 3850 555 3916 vaticiniis
567 3853 722 3916 nonnulla
736 3851 821 3915 facta
833 3850 981 3914 historica
997 3849 1039 3914 ad
1053 3841 1227 3916 Jeremiam
1240 3863 1271 3917 et
1282 3851 1410 3919 Judaeos

280 3954 456 4040 spectantia
467 3955 611 4018 immixta
626 3964 709 4018 sunt.

230 4096 235 4105 ›
324 4058 413 4145 a-..ln
428 4055 569 4121 secunda
589 4067 679 4142 parte
698 4057 807 4144 (capp.
836 4055 1027 4143 XLVI-LII)
1055 4057 1239 4122 referuntur
1261 4057 1410 4123 vaticinia

313 4291 349 4356 (1)
360 4293 452 4345 luem.
464 4292 633 4358 XXVI-xxm
650 4292 778 4344 xxxvttl.

315 4373 352 4442 (Ξ)
364 4376 391 4428 S.
403 4376 524 4441 lanarius,
539 4377 626 4443 Epist.
641 4378 685 4428 ot.
701 4377 814 4440 Ptrttaot.;
825 4379 853 4430 S.
870 4378 1046 4443 Hieronymus,
1060 4379 1134 4434 Prot.
1146 4380 1175 4431 ta
1184 4379 1274 4432 luem.
