3132 4964
417 314 492 357 reas
505 314 528 358 1.
541 313 635 356 curor
647 312 711 356 xm.
730 311 769 353 ns
783 312 874 354 omno
886 312 1062 355 sarrrrrre.
1238 298 1296 363 151

172 436 230 479 cus
257 432 377 499 magna
398 412 490 497 copia
516 411 705 497 phrasium,
734 410 909 474 dictionum
939 420 971 474 et
994 410 1189 477 locutionum
1220 435 1301 500 pure

170 536 363 602 graerarum,
390 514 507 600 quibus
520 511 631 578 utendi
655 521 758 576 textus
775 513 891 598 aliquis
909 513 1080 578 hebraicus
1095 535 1207 579 ansam
1222 516 1301 583 dare'

170 640 239 684 non
251 619 416 704 potuisset,
431 638 491 681 neo
506 616 549 681 ab
564 617 736 702 interprete
748 625 814 680 tem
827 617 966 701 copiose,
981 627 1016 681 ut
1025 598 1079 683 hic
1090 617 1136 700 fit,
1151 618 1301 685 adhibitae

170 720 307 785 fuissent
321 720 382 806 (1).
401 717 572 784 Addantur
589 719 826 805 quamplurima
845 717 1004 784 vocabula
1024 722 1200 806 composita
1214 744 1301 809 quo-

169 824 296 887 eumin
317 822 469 887 hebraica
491 822 601 907 lingua
617 823 736 886 frustra
758 822 919 908 quesieris
934 822 1129 891 locutionem
1151 826 1300 912 analogi-

126 1013 131 1021 .
170 944 258 1007 cam,
272 933 308 989 ut
318 921 520 1014 φιλανθρωπίαι,
529 917 730 1014 ἀδελφοκτόνος,
738 927 917 1006 annuerem,
931 923 1105 1010 ομοιθπαθής,
1123 935 1185 990 etc.
1202 927 1301 992 Acce

172 1028 256 1092 dunt
277 1028 460 1114 frequentes
479 1027 721 1113 paronomasioe,
739 1026 927 1091 assonantiae
949 1036 980 1090 et
1002 1028 1089 1092 lusus
1112 1028 1297 1114 verborum,

172 1131 286 1217 quales
301 1129 344 1217 qb
359 1112 531 1216 interprete
552 1128 695 1194 hebraici
715 1129 850 1216 alicujus
867 1139 969 1194 textus
986 1139 1074 1195 tnnte
1093 1132 1184 1217 copia
1201 1130 1299 1196 adhi-

68 1304 73 1311 ,
161 1232 255 1303 'bitus
282 1229 379 1297 luisse
406 1228 506 1297 haud'
521 1229 692 1297 verisimile
708 1242 765 1296 est.
791 1231 885 1315 Quod
905 1243 1012 1298 autem
1029 1234 1061 1297 in
1084 1244 1171 1298 textu
1195 1256 1298 1320 greco

170 1336 265 1399 multi
290 1335 463 1399 hebraismi
478 1337 682 1421 reperiantur
696 1336 759 1403 hoc
778 1337 882 1412 solum
904 1335 1020 1420 probat
1037 1345 1201 1401 auctorem
1224 1336 1298 1401 libri

170 1456 240 1500 esse
263 1435 410 1501 Judaeum
433 1435 609 1523 quemdam'
631 1437 851 1501 Hellenistam.
874 1436 926 1501 Sic
942 1437 976 1501 in
993 1436 1185 1523 Evangeliis,
1210 1446 1242 1501 et
1265 1439 1298 1501 in

169 1540 318 1624 Epistolis
343 1540 376 1604 S.
407 1540 509 1603 Pauli
526 1540 709 1626 frequentes
737 1550 908 1619 occurrunt
936 1540 1120 1625 hebraismi,
1152 1541 1298 1625 quamvis

53 1649 60 1655 ’
171 1643 279 1714 omnia
303 1643 361 1707 ista
382 1641 575 1707 documenta
593 1664 695 1728 graece
711 1653 840 1706 exarata
857 1642 986 1706 fuerint.
1009 1643 1183 1715 Difficultas
1199 1644 1298 1728 petita

171 1766 212 1809 ex
235 1745 386 1833 eoquod
409 1744 562 1811 Salomon
585 1755 698 1809 auctor
720 1746 770 1828 sit,
795 1746 883 1808 nulla
903 1754 967 1829 est3
989 1745 1197 1831 probabimus
1212 1737 1297 1810 enim

140 1905 143 1910 .
172 1847 379 1913 Salomonem
394 1848 562 1934 Sapientia
575 1857 739 1912 auctorem
755 1868 822 1911 non
836 1867 915 1911 esse.

214 1951 247 2013 4.
265 1950 377 2015 Versio
390 1950 488 2040 latina
500 1972 571 2037 quae
588 1952 621 2014 in
633 1950 772 2036 Vulgata
786 1949 923 2014 habetur
934 1950 967 2012 S.
986 1949 1180 2036 Hieronymo
1196 1952 1298 2015 multo

131 2121 135 2133 ,
171 2053 332 2138 antiquior
354 2063 401 2117 est
427 2063 459 2117 et
482 2053 515 2118 in
541 2076 577 2118 re
605 2056 713 2119 critica
736 2050 822 2138 apud
844 2074 955 2116 omncs
977 2054 1163 2137 maximam·
1176 2054 1298 2118 obtinet

170 2150 404 2237 auctoritatem,
423 2144 498 2240 quil
521 2164 553 2219 et
574 2148 793 2241 antiquissima
816 2162 916 2217 estet
938 2177 1045 2238 prosse
1068 2153 1109 2221 de
1131 2155 1230 2219 verbo
1254 2153 1297 2219 ad

169 2255 305 2320 verbum
331 2257 416 2320 facta
440 2266 498 2321 est.
518 2257 630 2322 Versio
648 2257 830 2321 armeniaca
851 2256 947 2320 etiam
962 2257 1093 2341 plurimi
1116 2257 1161 2321 fit.
1184 2257 1296 2322 Versio

168 2367 277 2422 autem
291 2359 426 2445 syriaca,
442 2360 475 2422 in
489 2358 552 2424 fine
564 2361 751 2445 prasertim,
768 2380 832 2423 non
845 2360 887 2423 ita
900 2380 1006 2444 presse
1019 2361 1163 2445 sequitur
1173 2369 1295 2425 textum

168 2480 321 2545 gerum.
1281 2529 1283 2534 ,

212 2565 244 2628 t.
269 2566 387 2631 Auctor
413 2578 441 2630 et
468 2579 552 2632 etat.
579 2567 674 2631 Liber
695 2567 864 2652 sapientie
885 2586 987 2652 grece
1010 2566 1193 2631 inscribitur
1214 2586 1296 2656 eope

167 2664 369 2753 Σαλωμώντος,
385 2670 543 2754 Sapientia
559 2658 740 2744 Salomonis,
757 2679 854 2756 atque
870 2679 981 2734 auctor
1000 2670 1032 2732 in
1049 2690 1185 2755 persona
1200 2668 1296 2732 Salo-

168 2771 272 2834 monis
292 2773 435 2857 loquitnr
451 2772 559 2858 (capp.
586 2772 751 2847 Vlll-le.
772 2771 868 2852 Quod
892 2771 1127 2837 considerantes
1149 2772 1296 2858 plerique

1 2929 8 2959 ,
96 2946 102 2956 Δ
167 2872 300 2937 Petrum
312 2872 432 2937 librum
444 2873 608 2938 Salomoni
618 2874 809 2940 tribuerunt.
826 2876 930 2940 Sixtus
941 2876 1099 2956 Senensis,
1115 2875 1293 2956 Salmeron,

62 3024 67 3032 .
167 2975 339 3059 Ilugerius,
356 2976 492 3060 Tirinus,
511 2977 657 3061 Huetius,
679 2977 835 3061 Schmidt,
859 2978 944 3042 bunc
967 2978 1156 3040 sententiam
1178 2997 1297 3040 recen·

168 3075 238 3138 tiori
266 3084 358 3140 etate
381 3078 520 3162 amplexi
543 3086 627 3142 sunt.
659 3078 893 3163 Honbigantius
917 3098 1032 3142 novem
1060 3077 1167 3162 priora
1191 3079 1296 3162 capita

168 3176 344 3263 Salomoni,
355 3180 513 3265 reliquam
525 3180 601 3244 libri
612 3189 736 3266 partem
748 3181 840 3245 alteri
851 3180 974 3244 auctori
987 3178 1151 3244 vindicare
1163 3176 1292 3244 studuit.

168 3270 280 3345 Plures
300 3277 516 3347 Rationalistte
527 3332 536 3366 ,
559 3285 641 3348 inter
664 3305 744 3371 quos
767 3269 1013 3347 Bretsobneider
1034 3290 1066 3345 et
1087 3282 1293 3373 Engelbretb,

168 3383 289 3449 lihmm
318 3385 486 3471 Sapientiae
512 3407 552 3450 ex
578 3388 674 3451 variis
696 3388 882 3472 fragmentis
906 3386 1106 3450 diversorum
1127 3394 1296 3450 auctorum

169 3496 315 3553 constare
329 3486 554 3554 defenderunt.
567 3491 724 3576 Denique,
739 3499 816 3554 toste
829 3490 1034 3575 Hieronymo,
1050 3490 1195 3553 nonnulli
1207 3498 1295 3554 rete-

86 3645 94 3664 ,
167 3610 253 3674 rum,
273 3612 355 3677 quos
371 3602 497 3656 secutus
516 3602 562 3656 est
583 3594 735 3678 Lyranus,
756 3594 924 3658 Philonem
948 3593 1115 3678 Sapientiae
1131 3601 1295 3656 auctorem

168 3692 325 3757 lecerunt.
347 3693 413 3758 Sed
429 3704 544 3759 neutra
566 3716 606 3759 ex
628 3697 677 3759 bis
699 3697 860 3759 sententiis
882 3694 1079 3760 admittenda
1102 3692 1239 3760 ridetur.
1258 3696 1297 3758 Et

167 3786 271 3879 primo
288 3795 422 3882 quidem
438 3807 602 3862 auctorem
621 3820 686 3862 non
702 3820 770 3862 esse
785 3801 991 3862 Salomonem
1009 3798 1075 3885 jam
1097 3806 1296 3882 agnoverunt

168 3898 200 3962 S.
222 3899 435 3985 Hieronymus
451 3910 482 3965 et
497 3885 530 3965 S.
547 3900 751 3987 Augustinus.
769 3903 862 3965 Prior
879 3902 965 3965 enim
986 3900 1104 3965 librum
1120 3899 1296 3964 declaravit
1392 3937 1395 3942 -

86 4029 95 4042 ,
169 3996 407 4092 dudai'ypeqos,
429 4025 485 4068 seu
509 4005 591 4070 falso
616 4005 780 4070 Salomoni
807 4004 1028 4090 adscriptum,
1050 4003 1205 4088 posterior
1232 4024 1295 4067 au-

170 4319 178 4330 .
200 4251 235 4318 (l)
244 4252 275 4304 V.
290 4265 316 4318 g.
334 4256 413 4318 ἂγῢνι
424 4259 483 4312 rasio
497 4250 549 4314 (Ν,
564 4248 600 4315 2),
614 4256 691 4317 &pinse
710 4248 820 4320 apolonie
840 4250 880 4315 (X,
899 4250 1129 4317 12),iel·stqtrrine
1146 4260 1295 4301 carantani

168 4337 240 4399 terat.
261 4336 303 4404 (X,
320 4336 357 4401 ὅ),
375 4336 472 4403 earliest
486 4331 566 4387 relinet
579 4332 631 4403 spis
647 4347 695 4387 ree
711 4335 740 4399 (l,
760 4336 809 4399 td),
830 4333 946 4385 &semein
965 4336 1077 4388 ebrirw
1094 4336 1184 4400 epol&
1199 4334 1241 4401 (ll,
1258 4332 1293 4399 θ).
1373 4375 1378 4389 ,
