3132 4964
426 368 540 412 rursu.
555 367 648 410 error
664 367 729 409 ιιι.
745 367 782 407 ua
798 367 975 411 rnorurrus
991 369 1091 412 rsura.
1270 346 1333 416 155

189 467 448 552 compellatione
470 465 586 552 probat
614 466 717 529 Deum
749 467 856 530 omnia
883 470 979 532 etiam
1005 470 1112 533 lutura
1141 490 1333 556 cognoscere

190 571 256 656 (Is.
276 569 534 654 mlv-XLVI),
561 567 649 653 quod
666 590 795 653 prorsus
816 571 1001 656 insipienter
1016 574 1142 637 fecisset
1162 584 1287 658 auctor,
1306 576 1332 637 si

190 681 347 758 t‘empore
360 672 550 756 captivitatis
560 671 745 756 scripsisset.
757 671 914 737 Praeterea
923 674 955 737 in
968 674 1126 759 capitibus
1137 674 1334 762 impugnatis

193 785 314 840 auctor
330 784 414 848 totus
430 775 498 838 fere
516 782 563 838 est
582 775 615 837 in
632 772 857 858 exprobranda
871 774 1052 840 idololatria
1069 786 1099 840 et
1115 778 1148 840 in
1165 777 1333 864 arguendo

193 880 323 965 populo
348 877 435 965 quod
458 876 537 943 deos
560 886 727 941 extraneos
747 879 877 942 coleret.
908 879 985 943 Haec
1015 901 1110 964 porro
1135 881 1334 966 temporibus

195 984 292 1045 Isaiae
308 982 452 1066 apprime
467 988 660 1065 congruunt,
682 1000 887 1064 nequaquam
906 1002 982 1046 vero
1005 983 1177 1066 captivitati
1194 983 1333 1070 Babylo-

197 1085 306 1167 nicae,
331 1085 363 1147 in
386 1103 451 1168 qua
473 1080 601 1146 Judaeos
627 1080 714 1144 idola
738 1082 872 1146 coluisse
896 1083 1010 1147 nullibi
1033 1084 1179 1169 legimus.
1211 1087 1334 1150 Pariter

195 1197 315 1251 auctor
333 1189 366 1251 in
389 1189 482 1262 exilio
507 1189 626 1273 positus
646 1187 785 1252 scribere
813 1190 955 1274 nequivit
977 1188 1065 1275 quod
1093 1192 1217 1275 scripsit
1237 1193 1335 1257 lsaias

197 1312 277 1375 cap.
299 1292 440 1376 XLVHl,
464 1292 538 1374 1-8,
567 1293 694 1355 ruinam
719 1292 838 1356 scilicet
866 1292 1038 1379 Babylonis
1062 1293 1207 1358 nondum
1236 1296 1333 1360 fnisse
1376 1288 1379 1295 ’

196 1392 401 1477 praedictam,
415 1392 575 1480 siquidem
588 1395 743 1458 Jeremias
760 1415 831 1478 cap.
850 1395 927 1458 L-LI
941 1397 1031 1459 illam
1048 1394 1164 1460 diserte
1182 1398 1336 1482 praedixe-

79 1505 84 1509 “
196 1505 264 1559 rat.
284 1496 402 1561 Auctor
417 1519 515 1582 porro
533 1497 601 1560 vult
621 1506 657 1559 ut
671 1516 766 1561 verus
781 1496 942 1581 Propheta
959 1498 1083 1581 haberi,
1105 1497 1250 1584 illudque
1270 1502 1335 1564 suis

195 1592 358 1664 vaticiniis
375 1599 513 1685 probare
529 1598 634 1663 studet
649 1623 658 1682 ;
677 1600 749 1684 quis
766 1607 874 1663 autem
891 1621 956 1663 non
979 1595 1099 1664 rideret
1123 1603 1218 1665 talem
1244 1601 1334 1666 affir-

195 1703 376 1766 mationem
392 1704 425 1766 in
439 1712 570 1767 auctore
586 1723 694 1765 rerum
713 1711 916 1765 narratarum
933 1724 1039 1767 coaevo
1052 1703 1067 1766 1
1082 1704 1227 1790 Denique
1245 1707 1333 1769 nulla

195 1809 234 1871 in
259 1808 337 1892 stylo
359 1806 547 1871 observatur
566 1807 755 1891 metaphora
779 1814 834 1870 aut
856 1807 962 1891 imago
987 1828 1057 1893 quae
1075 1809 1125 1875 vel
1147 1830 1185 1871 ex
1201 1817 1333 1892 aspectu

195 1912 340 1996 regionis
356 1911 569 1996 Babylonica,
587 1910 638 1973 vel
661 1931 700 1974 ex
722 1910 902 1973 incolarum
925 1910 1068 1974 moribus
1090 1919 1121 1974 et
1141 1911 1204 1974 vita
1222 1912 1333 1996 quoti-

196 2013 299 2078 diana
316 2013 484 2098 desumpta
500 2013 550 2076 sit.

247 2117 299 2179 10.
322 2115 506 2180 Adversarii
521 2115 647 2201 nullum
664 2123 888 2199 argumentum
904 2124 1068 2178 externum
1088 2116 1120 2177 in
1137 2114 1332 2178 contrariam

195 2227 328 2304 partem
341 2218 518 2299 adducunt,
536 2219 662 2281 interna
675 2227 781 2279 autem
797 2237 867 2303 quae
880 2216 1028 2299 afferunt,
1044 2215 1183 2281 admissa
1197 2216 1335 2301 prophe-

194 2322 254 2384 tiae
271 2321 488 2406 possibilitate,
507 2320 575 2384 fere
592 2320 697 2384 omnia
722 2329 926 2406 evanescunt.
943 2320 1039 2383 Juvat
1062 2328 1170 2383 tamen
1194 2316 1334 2381 breviter

196 2423 258 2487 hie
289 2425 449 2509 praeeipua
477 2445 494 2487 a
526 2422 673 2505 Geseuio,
699 2423 745 2485 De
769 2423 889 2505 Wette,
915 2421 1045 2486 Knobel
1069 2431 1099 2486 et
1126 2423 1207 2504 aliis,
1235 2421 1332 2485 allata

199 2523 339 2589 diluere.

247 2628 301 2690 11.
324 2627 397 2712 obj.
418 2629 451 2694 10
466 2628 584 2713 Viginti
603 2636 725 2712 septem
745 2627 919 2712 posteriora
943 2629 1047 2712 capita
1064 2626 1248 2690 authentica
1269 2647 1333 2689 non

200 2738 279 2793 sunt
282 2731 382 2815 ,quia
406 2731 483 2815 stylo
508 2728 659 2794 differunt
682 2728 847 2814 areliquis
869 2730 956 2793 lsaiae
974 2729 1140 2811 vaticiniis,
1160 2738 1195 2791 ut
1211 2736 1335 2792 constat

204 2855 247 2896 ex
278 2834 423 2918 plurimis
451 2832 685 2917 locutionibus,
710 2833 820 2917 quales
843 2842 916 2895 sunt
943 2849 961 2882 a
984 2849 1042 2913 'un
1063 2853 1166 2895 servus
1190 2831 1332 2904 delarue,

209 2974 307 3017 sensu
334 2954 485 3039 peculiari
514 2953 554 3018 de
580 2955 709 3035 lsraele,
728 2952 780 3015 vel
806 2950 846 3014 de
872 2917 1051 3036 Prophelis,
1077 2967 1165 3060 pprp
1162 2954 1273 3014 ustitia
1297 2949 1337 3014 de

210 3071 324 3154 salute,
349 3082 410 3136 etc
437 3075 469 3136 10
493 3071 613 3136 Auctor
636 3073 680 3136 ita
702 3071 852 3136 describit
872 3092 923 3133 res
937 3069 1081 3155 policitas
1097 3090 1161 3133 snae
1178 3070 1280 3154 gentis
1304 3077 1340 3131 ut

209 3175 415 3238 manifestum
433 3175 472 3238 sit
488 3176 592 3260 ipsum
610 3176 642 3238 in
659 3175 840 3260 captivitate
854 3173 979 3235 vixisse.
997 3172 1091 3235 Ponit
1113 3173 1198 3234 enim
1222 3170 1337 3234 urbem

209 3286 388 3361 vastatam,
420 3279 576 3363 templum
604 3298 768 3360 eversum,
797 3272 951 3362 populum
976 3275 1156 3359 captivum,
1183 3272 1337 3339 sacrificia

209 3368 387 3444 intermissa
413 3379 564 3466 videtque
586 3380 808 3444 liberationem
832 3401 850 3442 a
874 3378 1053 3463 captivitate
1080 3398 1155 3440 mox
1180 3377 1335 3440 futuram.

208 3481 243 3544 5⁰
257 3481 288 3544 Si
312 3491 385 3546 aute
410 3483 625 3567 captivitatem
643 3483 705 3545 illae
721 3483 810 3545 Isaiae
826 3480 1001 3565 prophetiae
1018 3479 1217 3560 exstitissent,
1235 3468 1339 3541 ludaei
1439 3486 1442 3493 ⁴

209 3583 335 3645 nonita
359 3583 557 3647 vexavissent
582 3583 757 3646 Jeremiam
785 3579 872 3668 quod
895 3581 1111 3666 captivitatem
1136 3578 1334 3665 praediceret,

210 3706 270 3749 nee
285 3684 440 3749 Jeremias
463 3686 551 3749 lsaiae
576 3686 706 3749 oracula
729 3687 761 3748 in
789 3684 836 3748 sui
855 3682 1074 3770 defensionem
1089 3682 1228 3765 allegare
1253 3672 1339 3744 omi-

209 3789 308 3851 sisset.
1353 3795 1355 3799 '

255 3882 314 3952 11
325 3891 417 3974 Resp.
432 3891 539 3956 od‘lm.
555 3887 651 3970 Quod
665 3890 763 3953 Isaiae
778 3888 932 3973 peculiari
946 3909 1039 3950 sensu
1057 3886 1227 3950 nonnullas
1242 3905 1338 3948 voces

209 3993 422 4076 usurpaverit,
440 3993 503 4057 hoc
519 3993 598 4075 nibil
615 3991 741 4077 probat.
768 3993 915 4057 Ceterum
938 3980 1032 4055 voces
1050 4013 1058 4053 t
1080 4010 1182 4054 seruus
1198 3980 1337 4061 Domini,
1423 4072 1424 4077 ἵ

210 4096 273 4158 alio
299 4117 392 4159 sensu
426 4117 524 4181 quam
547 4096 602 4180 qui
625 4096 841 4159 Rationalistis
864 4095 980 4179 placet,
1006 4092 1046 4157 de
1071 4093 1182 4156 llessia
1206 4112 1336 4176 nempe,

147 4197 149 4200 ’
210 4218 267 4261 seu
278 4198 357 4262 Filio
369 4199 444 4281 Dei,
453 4197 658 4264 adhibentur.
677 4199 801 4262 Etenim
817 4217 887 4283 quae
902 4195 945 4260 ab
958 4195 1039 4259 lsaia
1051 4217 1122 4280 cap.
1142 4195 1278 4257 Lll-Llll
1295 4191 1336 4256 de

211 4299 303 4363 Servo
318 4301 378 4365 na·
388 4298 471 4364 dieta
485 4309 557 4365 sunt
570 4322 608 4365 ea
623 4298 666 4365 ad
680 4300 825 4365 Messiam
836 4298 952 4364 relerri
968 4297 1123 4363 evincitur
1136 4319 1175 4361 ex
1190 4295 1339 4382 pluribus
