3166 4958
256 296 319 361 nst
484 314 684 360 ruraooucrro
700 311 847 356 sesciano
865 313 895 355 rs
913 312 937 354 s.
959 312 1158 358 scurrmnsu.

249 416 372 484 schole
390 413 484 501 hujus
508 418 648 481 ccclesia
674 412 805 497 insignis
828 414 990 497 magister.
1015 414 1086 499 Ipso
1114 415 1208 478 etiam
1231 412 1385 479 continuo

256 519 429 602 Evangelia
453 519 575 601 recitat,
596 537 774 602 eorumque
797 516 1018 579 auctoritatem
1038 524 1193 602 tanquam
1211 515 1385 601 Scripturae

257 617 372 683 divinae
389 609 526 683 insonet.
546 620 666 704 Saepius
689 615 821 704 quidem
839 617 938 680 utitur
954 617 1016 680 hac
1031 617 1084 680 vel
1100 618 1194 680 simili
1212 617 1353 682 formula
1374 640 1383 679 z

258 725 291 783 in
307 721 471 806 Eoonpelio
489 724 636 807 seriptum
660 732 713 795 est,
725 716 925 805 'quandoque
941 720 1053 782 tamen
1067 720 1241 804 Evangelia
1258 718 1387 783 discer-

258 826 305 888 nit
317 845 492 910 eorumque
505 832 651 888 auctores
669 823 823 887 nominat.
838 821 901 904 sic,
918 821 1060 885 referens
1076 820 1125 907 (l)
1137 819 1258 886 dictum
1274 821 1385 908 quod-

260 927 336 991 dam
359 927 495 991 Domino
520 927 685 1008 tributum,
715 934 824 990 monet
851 922 934 988 istud
953 923 1074 988 dietum
1099 926 1133 987 in
1155 925 1240 989 nobis
1264 926 1387 988 truditis

261 1042 390 1116 quotuor
401 1029 576 1113 Eoenpelt'is
588 1051 650 1093 non
662 1028 776 1102 Ιιαὸενί,
790 1024 846 1090 sed
859 1028 891 1090 in
904 1048 942 1090 eo
956 1024 1042 1111 quod
1057 1035 1104 1090 est
1114 1028 1277 1091 secundum
1288 1029 1389 1112 AEpy·

259 1132 350 1215 ptius.
371 1129 618 1211 Quaternarium
643 1150 813 1194 numerum
838 1129 987 1214 accepisti
1011 1126 1112 1193 :audi
1133 1130 1288 1192 nomina:
1309 1152 1323 1187 <r
1347 1129 1388 1191 ln

261 1232 434 1316 Evangelio
447 1230 623 1295 secundum
636 1232 831 1312 Matthaeum,
847 1233 890 1294 ait
904 1231 1051 1295 Clemens
1063 1232 1123 1316 (ἓ),
1138 1252 1209 1316 quae
1221 1231 1263 1294 ab
1275 1230 1387 1294 Abra-

262 1336 338 1398 ham
359 1332 527 1407 deducitur
544 1334 743 1419 genealogia,
761 1322 863 1419 usque
886 1331 927 1396 ad
952 1333 1086 1396 Mariam
1101 1341 1238 1396 matrem
1258 1333 1385 1396 Domini

264 1438 453 1501 terminatur
479 1459 488 1499 t
511 1449 582 1501 sunt
610 1440 701 1512 euim,
725 1436 839 1522 inquit,
865 1435 903 1498 ub
928 1435 1085 1498 Abrohom
1107 1455 1201 1519 usque
1224 1435 1264 1497 ud
1285 1436 1390 1498 Doeirt

159 1538 162 1542 “
264 1541 468 1624 penerett'ones
481 1539 716 1623 quatuordeeim,
730 1551 758 1601 et
772 1561 791 1600 a
811 1539 911 1602 Dauid
922 1559 1016 1622 usque
1033 1538 1074 1601 ad
1091 1540 1386 1622 transmipratr'nnem

264 1639 429 1727 Babylonis
449 1643 654 1725 penerotiones
672 1641 907 1727 quatuordeeim,
923 1652 951 1702 et
966 1662 985 1701 o
1001 1643 1265 1723 transmipratt'one
1280 1641 1389 1725 Botry-

264 1742 342 1807 lone‘s
354 1764 448 1828 usque
459 1743 500 1805 od
514 1741 668 1807 Christum
679 1742 820 1807 steriliter
832 1742 901 1805 otte
911 1745 1115 1828 perteretiortee
1128 1743 1386 1827 quatuorderim.»

229 1910 236 1921 ,
264 1846 409 1911 Rursus:
432 1846 563 1909 «Natus
583 1854 629 1909 est
643 1846 796 1909 Dominus
811 1854 929 1927 noster,
949 1865 1051 1929 quum
1071 1845 1210 1928 primum
1223 1843 1390 1930 jusserunt

265 1948 491 2032 descriptiones
513 1947 704 2037 (απογρκφας)
723 1946 804 2031 fieri,
828 1957 972 2032 tempore
995 1947 1139 2032 Augusti.
1163 1947 1256 2028 Quod
1279 1957 1389 2012 eutem

148 2065 150 2071 ’
264 2050 326 2112 hoc
341 2068 453 2111 verum
466 2049 515 2131 sit,
531 2050 575 2112 sio
591 2050 744 2133 scriptum
762 2057 808 2111 est
821 2049 852 2110 in
865 2046 1036 2130 Evangelio
1050 2045 1225 2111 secundum
1242 2048 1362 2111 Lucem
1379 2069 1388 2109 ε

150 2216 153 2220 ,
264 2151 357 2214 Anno
383 2161 483 2213 nutem
505 2151 723 2234 quintodecimo
750 2151 778 2213 T
775 2150 862 2212 elrerr'i
885 2148 1039 2222 Coesere‘s,
1062 2151 1177 2234 scrotum
1203 2161 1246 2213 est
1268 2149 1388 2213 tantum

175 2282 178 2289 ·
266 2255 391 2317 Domini
404 2274 494 2336 super
510 2255 673 2326 loannem,
686 2252 844 2315 Zocltorue
855 2252 967 2336 filium,
988 2278 1003 2312 »
1019 2252 1057 2315 Et
1070 2273 1179 2315 rursus
1196 2253 1229 2315 in
1250 2250 1388 2317 codem:

266 2358 343 2419 Erat
366 2358 455 2421 lesus
479 2360 599 2421 serviens
623 2357 662 2420 od
693 2356 863 2441 baptisma,
899 2358 989 2442 quasi
1016 2358 1141 2441 triptota
1164 2377 1326 2420 antrorum.
1351 2356 1392 2419 Et

265 2460 380 2522 iterum
397 2482 405 2521 ι
422 2482 437 2518 «
459 2458 544 2522 Alibi
562 2480 702 2544 quoque,
723 2459 777 2542 ait,
797 2459 951 2521 Dominus
971 2445 1004 2521 in
1021 2459 1193 2542 Evangelio
1211 2458 1390 2523 seeundum

265 2560 423 2623 loannem
435 2561 527 2624 aliter
543 2561 605 2625 hoc
621 2582 679 2645 per
690 2561 834 2646 symbola
846 2581 884 2625 ac
897 2562 987 2645 signa
999 2561 1153 2644 exposuit,
1172 2581 1271 2646 quum
1287 2559 1388 2624 dlxit:

267 2661 420 2726 Concedite
442 2685 546 2727 earnes
567 2685 659 2739 meus,
678 2676 706 2727 et
725 2664 811 2727 ttttte
833 2686 931 2727 meum
947 2666 1136 2749 serspuinem.
1159 2663 1276 2727 »Alibi
1297 2670 1391 2747 post-

266 2787 364 2851 quam
387 2767 495 2829 retulit
511 2787 548 2830 ee
565 2788 635 2853 quoe
658 2769 752 2830 More,
770 2768 811 2848 X,
830 2768 935 2831 17-50
951 2767 1122 2848 hahentur,
1145 2765 1257 2830 addit:
1281 2789 1295 2824 <r
1311 2766 1390 2830 Haec

267 2866 398 2953 quidem
416 2870 448 2933 in
465 2870 563 2934 llaroi
577 2870 749 2955 Evangelio
764 2872 879 2954 scripta
897 2878 979 2934 sunt.
1001 2896 1015 2930 »

310 2971 363 3034 58.
397 2969 504 3035 Verst‘o
526 2971 606 3034 Itale
636 2984 663 3035 et
696 2976 791 3035 versio
819 2975 939 3057 syriaca
961 2971 1101 3058 simplex.
1127 2971 1271 3057 Denique
1296 2968 1391 3056 jam-

265 3070 321 3135 diu
336 3081 411 3136 ante
426 3071 522 3136 finem
542 3074 647 3137 saeculi
664 3075 694 3136 ll
709 3074 881 3158 Evangelia
896 3075 1010 3138 nostris
1026 3074 1140 3137 similia
1162 3066 1260 3136 fuisse
1274 3072 1393 3136 invicte
1458 3096 1461 3101 ·
1564 3052 1565 3061 ἵ

218 3242 223 3251 ,
252 3175 382 3261 ‚probat
404 3178 506 3240 versio
531 3175 621 3249 trata,
647 3197 711 3262 qua
729 3178 777 3240 usi
802 3186 874 3240 sunt
892 3177 1103 3240 Tertullianus
1122 3185 1152 3239 et
1172 3185 1261 3239 vetus
1280 3175 1395 3239 lreuaei

267 3280 434 3364 interpres.
460 3280 497 3341 In
522 3300 556 3342 ea
583 3300 722 3365 namque
741 3280 901 3344 habentur
917 3280 1089 3364 Evangelia
1104 3289 1199 3363 prout
1215 3277 1309 3342 hodie
1333 3298 1396 3341 ex-

268 3390 361 3445 stant.
379 3378 473 3461 Quod
486 3380 572 3444 idem
589 3375 870 3467 confirmatur'pro
883 3385 1015 3448 eeclesia
1028 3383 1180 3468 Syrorum
1193 3403 1233 3445 ex
1248 3382 1397 3445 versione

267 3483 419 3567 Simplici,
436 3503 505 3568 quae
519 3482 560 3547 ad
577 3484 673 3548 finem
687 3487 793 3550 saeculi
807 3487 837 3550 ΙΙ
850 3488 1001 3551 exstitisse
1018 3484 1154 3549 videtur.

312 3586 366 3649 59.
381 3585 437 3648 His
450 3588 647 3670 superfluum
659 3585 784 3651 videtur
801 3586 919 3653 addere
933 3589 1110 3652 testimonie
1127 3608 1239 3653 eorum
1255 3587 1396 3671 scripto-

269 3710 354 3771 rum,
370 3689 424 3774 qui
442 3686 517 3752 inde
537 3711 555 3752 a
574 3691 688 3754 saeculo
706 3691 751 3753 Ill
767 3692 1013 3776 Evangeliorum
1029 3700 1149 3765 tentum
1164 3697 1395 3754 recensuerunt

269 3799 324 3854 ant
344 3793 548 3855 commentati
567 3800 648 3855 sunt.
680 3791 805 3855 Etenim
833 3793 950 3874 nullus,
977 3790 1063 3877 quod
1088 3793 1199 3872 sciam,
1228 3791 1397 3875 hucusque

268 3914 364 3957 ausus
386 3902 433 3956 est
448 3914 588 3956 asserere
607 3894 780 3978 Evangelia
800 3903 906 3957 nostra
920 3895 1033 3958 saeculo
1050 3894 1095 3956 Ill
1119 3915 1186 3957 esse
1202 3892 1394 3973 recentiora,

269 4005 325 4059 aut
341 3996 510 4080 Origenem
535 4005 566 4060 et
582 3997 774 4082 Cypriannm
798 3995 839 4060 ad
860 4018 991 4061 manum
1016 4018 1080 4060 non
1100 3996 1248 4060 habuisse
1271 4016 1308 4059 ea
1326 3996 1397 4080 ipsa

301 4246 337 4309 (l)
349 4247 445 4298 Strom.
462 4245 503 4307 ΙΙΙ,
522 4262 545 4298 c.
563 4248 626 4300 ΙΙΙΙΙ.

301 4327 337 4392 (2)
352 4327 448 4380 Strom.
468 4328 487 4390 Ι,
502 4345 525 4382 c.
539 4332 599 4383 ΙΙΙΙΙ.
