3134 4934
222 336 288 401 36⁰
453 350 654 395 rrrnonoono
670 350 818 393 smmum
837 350 872 392 rr
884 351 910 393 s.
926 341 1127 395 saniorum.

182 502 188 511 =
222 455 380 520 ¹damnent
392 474 401 534 ;
426 452 574 541 hortatur
596 450 799 514 Timotheum
823 457 859 513 ut
881 448 1008 514 fabulas
1031 460 1171 536 spernat,
1204 441 1359 538 prietatem

226 564 384 639 exerceat,
404 554 587 639 Scripturas
602 573 709 616 sacras
724 550 850 616 assidue
873 553 972 637 legat,
989 552 1088 617 fidem
1103 553 1255 639 praedicet
1270 555 1356 642 (IV).

227 662 335 725 Monet
346 654 512 743 quomodo
521 655 705 719 Timotheus
715 675 827 739 gerere
838 675 871 718 sc
881 652 998 719 debeat
1010 676 1086 740 erga
1098 656 1241 741 singulm
1246 656 1362 721 fideles

227 784 286 849 pro
303 759 485 825 diversitate
500 759 598 822 atatis
616 767 648 821 et
664 778 769 840 sexus,
784 766 815 821 et
830 758 863 821 in
884 758 989 843 specie
1009 778 1086 843 erga
1105 756 1218 824 viduas
1234 767 1265 823 et
1282 780 1362 845 erga

227 865 430 952 presbyteros
442 861 499 948 (V)
513 886 522 943 3
542 859 707 947 quomodo
732 861 887 925 instruere
909 860 1029 926 debeat
1044 882 1153 927 servos
1169 872 1207 927 ut
1223 862 1367 928 dominis

228 966 394 1050 obediant,
415 952 482 1029 'sive
503 963 615 1028 fideles
638 965 701 1027 sint
718 963 776 1044 illi,
794 963 861 1028 sive
879 962 1035 1028 infideles.
1057 965 1203 1051 Denique
1215 966 1365 1030 hortatur

228 1074 335 1157 ipsum
349 1090 458 1134 rursus
468 1067 509 1132 ad
526 1068 676 1152 pietatem
688 1074 720 1129 et
732 1075 862 1131 revocat
873 1064 985 1130 divites
997 1064 1039 1130 sd
1051 1067 1264 1132 humilitatem
1276 1067 1361 1152 (vl).

32 1160 182 1331 dp)
249 1172 428 1289 &poena
442 1181 558 1255 tempus
574 1179 602 1232 et
616 1189 708 1232 cama
725 1168 875 1232 scribendi
888 1170 923 1230 II
936 1168 1118 1254 Epistulam.
1138 1169 1275 1234 Paulum
1289 1192 1364 1235 eam

261 1296 336 1339 oma
359 1274 419 1338 scri
443 1274 520 1335 sisse
562 1268 639 1333 dum
664 1270 697 1333 in
720 1270 782 1333 hac
805 1269 886 1334 urhe
910 1292 947 1334 ca
971 1271 1054 1334 tirus
1075 1268 1279 1334 detinebatur
1323 1292 1365 1335 cx

155 1294 214 1404 111)
231 1348 300 1464 ipsa
311 1295 453 1462 Epistmpa
469 1320 680 1439 ccrbissimum
693 1381 750 1436 cst.
766 1369 937 1456 Apostolus
949 1292 1069 1458 I‹iuippe
1083 1395 1146 1437 non
1158 1374 1262 1437 solum
1274 1320 1365 1437 alhr-

232 1490 299 1545 mat
311 1482 352 1566 (1,
367 1479 401 1564 8)
414 1500 446 1543 se
461 1481 602 1550 uinctum,
620 1474 675 1540 scd
689 1477 819 1560 insuper
831 1476 873 1540 ait
886 1477 927 1560 (Ι,
942 1477 1010 1540 161
1018 1476 1051 1561 8)
1065 1497 1099 1540 se
1114 1478 1147 1540 in
1164 1480 1227 1541 suis
1243 1479 1365 1541 catenis

231 1582 436 1669 refrigerium
455 1580 616 1664 accepime
630 1578 673 1643 ab
687 1578 898 1664 Onesiphoro,
919 1580 974 1665 qui
994 1570 1132 1644 Romam
1148 1581 1279 1644 veniens
1294 1582 1365 1645 sol-

232 1687 319 1751 licite
342 1705 417 1749 eum
438 1683 583 1768 quesivit
603 1680 708 1746 donec
734 1683 890 1746 inveniret
905 1683 962 1768 (11,
985 1684 1022 1765 93
1048 1682 1103 1767 Ν,
1123 1683 1155 1766 6,
1176 1682 1242 1767 te).
1262 1684 1365 1749 Porro

208 1859 211 1864 ,
232 1788 325 1854 divus
349 1786 520 1872 Apostolus
542 1785 716 1869 Epistolam
740 1783 856 1849 direxit
873 1784 920 1849 ad
938 1785 1151 1869 Timotheum,
1169 1795 1205 1849 ut
1224 1806 1298 1850 eum
1322 1785 1365 1850 cle

232 1915 291 1958 suo
308 1891 412 1958 officio
428 1888 571 1955 erudiret
586 1899 683 1974 atque
699 1889 844 1952 incitaret
855 1887 897 1952 ad
913 1887 1106 1955 veniendum
1122 1890 1259 1954 Romam
1276 1888 1365 1973 apud

233 2017 278 2060 se.
294 1995 478 2059 Timotheus
496 2001 572 2056 tunc
587 1990 774 2056 morabatur
789 1990 814 2054 E
839 1965 931 2075 harh
945 2000 980 2056 ut
993 1992 1151 2077 colligitur
1167 1992 1366 2078 expluribus

233 2099 380 2185 Epistola
397 2097 475 2160 locis
487 2095 527 2180 (1,
546 2094 600 2176 15,
614 2094 668 2177 183
682 2094 738 2175 Ν,
754 2094 796 2158 19
834 2093 931 2158 Jubet
946 2096 1031 2158 enim
1044 2094 1213 2179 Apostolus
1224 2097 1365 2161 salutare
1454 2141 1464 2147 -
1562 2120 1563 2149 t

234 2199 368 2269 domum
387 2196 590 2281 Onesiphori,
607 2197 662 2281 qui
677 2195 794 2280 Ephesi
812 2195 978 2259 habitabat
999 2197 1039 2282 (1,
1058 2195 1124 2281 18).
1149 2194 1246 2262 lubet
1267 2199 1364 2263 etiam

233 2305 372 2369 salutare
386 2301 536 2386 Aquilam
552 2309 583 2364 et
595 2300 774 2363 Priscillam
789 2300 845 2385 qui
859 2299 1067 2384 probabiliter
1081 2300 1113 2383 in
1130 2301 1191 2364 hac
1206 2300 1287 2364 urbe
1300 2302 1366 2366 ha·-

233 2406 392 2489 bitubant‚
406 2403 567 2488 simulque
579 2402 638 2488 ipsi
650 2403 683 2466 in
696 2402 888 2466 memoriam
902 2411 1031 2467 revocat
1043 2401 1191 2489 quedam
1204 2401 1246 2467 ad
1258 2405 1366 2469 ecclc·

236 2511 298 2575 sias
312 2509 394 2573 Asiae
414 2507 615 2593 pertinentia.
1230 2559 1237 2566 .

277 2613 309 2677 6.
326 2609 434 2691 Quum
447 2607 541 2672 divus
557 2609 676 2671 Paulus
695 2607 744 2671 bis
759 2608 871 2672 Roma
887 2606 921 2670 iu
935 2607 1060 2671 vincula
1077 2606 1172 2671 luerit
1188 2606 1366 2692 conjectus,

233 2724 382 2799 utsupra
407 2711 627 2798 probavimus,
646 2711 799 2796 q'uaeritur
822 2732 876 2789 an,
896 2708 1032 2774 durante
1054 2710 1162 2795 priore
1185 2712 1368 2795 captivitate

203 2813 284 2933 [vel
297 2815 433 2880 durante
447 2816 634 2899 posteriore,
648 2813 789 2898 Epistola
803 2813 898 2876 fucrit
911 2812 1114 2897 conscripta?
1123 2813 1256 2876 Plurimi
1272 2814 1368 2879 inter·

199 2936 202 2943 ’
234 2929 361 3005 pretum
373 2927 482 2982 tenent
490 2918 665 3002 Epistulam
677 2918 710 2980 in
723 2914 952 3001 posterioribus
961 2918 1052 2981 Pauli
1067 2918 1367 3004 vinculisseriptanr

234 3022 332 3087 luisse
350 3023 447 3107 paulo
464 3028 637 3105 antequam
652 3018 693 3082 ad
714 3029 851 3083 mortem
868 3019 1050 3104 duceretur,
1061 3018 1154 3105 juxta
1168 3020 1256 3106 quod
1272 3023 1367 3109 Apo-

233 3125 331 3188 stolus
351 3125 419 3209 ipse
431 3125 498 3187 ait:
518 3126 584 3207 Epo
600 3126 682 3185 enim
691 3125 761 3206 jum
776 3122 889 3186 delibor·
906 3135 934 3186 et
952 3134 1069 3208 tompus
1083 3124 1275 3190 resolutionis
1293 3148 1368 3191 ruere

235 3230 339 3291 instat.
365 3229 482 3290 Bonum
507 3237 655 3288 certarnen
679 3226 812 3298 certavi,
837 3245 959 3288 cursant
988 3227 1194 3291 ccrrsummuoi
1213 3226 1290 3311 (Ν,
1316 3228 1364 3314 6).

235 3330 369 3413 Insuper
392 3328 589 3402 mentionem
613 3328 728 3412 ingerit
750 3328 865 3411 prioris
888 3327 1077 3412 captivitatis
1100 3324 1181 3413 (Ν,
1213 3328 1269 3414 16)
1296 3351 1303 3393 :
1328 3333 1367 3395 Γπ

235 3434 337 3515 prima
353 3453 417 3494 mea
434 3432 606 3517 defensione
617 3450 703 3494 nemo
717 3430 796 3493 milet
805 3430 906 3515 affuit,
919 3431 972 3494 secl
983 3451 1084 3494 omnes
1098 3451 1144 3493 ms
1156 3430 1368 3517 reliquerants

235 3555 297 3597 noa
317 3533 380 3597 illio
397 3536 574 3618 imputetur.
593 3532 750 3597 Pratcrca
769 3532 876 3617 plures
895 3530 1097 3595 difficultates
1120 3530 1277 3596 historica
1300 3522 1369 3621 im{

236 3632 347 3718 pedire
363 3631 512 3698 videntur
528 3635 700 3719 quominus
718 3634 894 3717 Epistolam
913 3632 1066 3717 inprime
1085 3634 1265 3718 captivitate
1284 3628 1368 3733 comp

236 3737 385 3821 scriptam
409 3737 505 3800 luisse
533 3745 692 3821 putemus.
715 3737 839 3799 Etenim
856 3734 986 3823 quando
1002 3736 1172 3820 Apostolus
1192 3722 1374 3855 scrihebet'g'p

235 3840 352 3904 Demos
368 3850 400 3903 ct
415 3840 568 3925 Tychieus
585 3841 688 3904 Roma
707 3839 842 3903 aberant
858 3839 918 3924 (1).
937 3839 1009 3902 Jam
1026 3848 1133 3903 autem
1149 3840 1261 3905 Romae
1284 3832 1368 3906 ade2

236 3952 309 4005 rant
323 3940 453 4029 quando
467 3943 586 4006 Paulus
599 3943 630 4006 in
644 3943 748 4027 primu
764 3943 945 4026 captivitate
958 3941 1082 4026 scripsit
1096 3940 1138 4005 ad
1153 3920 1382 4027 Colossensessgr

237 4044 394 4108 Praetcrea
418 4044 601 4109 Timotheus
622 4054 654 4110 et
676 4046 802 4110 Marcus
819 4043 907 4130 apud
922 4046 1112 4130 Apostolum
1130 4055 1222 4110 erant
1237 4024 1384 4132 quando⁸

271 4371 305 4434 (r)
317 4370 345 4421 n
361 4372 425 4423 ram.
441 4374 480 4439 iv,
496 4377 521 4438 o,
539 4379 579 4440 n,
592 4377 632 4429 u.
