3168 4948
265 312 269 319 ·
339 302 414 344 rans
430 303 465 344 11.
485 302 579 345 error
594 305 624 346 v.
643 304 681 344 nu
696 300 928 352 Quaruounncru
945 299 971 341 s.
990 298 1078 340 raum
1092 297 1251 338 nnrsrours.
1297 274 1355 336 551

227 397 269 462 de
293 398 419 462 Paulo:
441 422 455 457 e
476 398 538 479 Qui
556 410 587 463 et
614 401 729 465 absens
750 398 874 482 scripsit
892 395 982 461 robis
1004 393 1156 479 epistolas,
1180 393 1214 454 in
1237 413 1317 477 <quas
1335 393 1360 455 si

227 502 457 587 intueamini...
476 527 491 562 n
509 503 579 566 Non
593 503 684 574 latuit
697 513 803 566 tamen
819 502 1037 585 perspicacem
1052 518 1161 561 meum
1175 497 1360 580 Magistrum

228 627 340 670 vocem
373 625 511 690 graecam
540 604 679 674 careretur
709 609 739 668 in
773 605 891 689 plurali
915 601 1083 667 benedici
1108 621 1200 685 posse
1230 599 1270 662 de
1295 620 1359 661 una

228 709 374 792 epistola,
401 706 518 772 seder
543 731 603 772 usu
626 709 794 794 Polycarpi
818 708 937 792 colligit
961 708 1064 792 ipsum
1089 703 1224 769 voluisse
1253 703 1360 787 plures

228 809 372 874 indicare
390 811 552 894 epistolas.
1561 850 1579 857 --

271 913 304 977 5.
319 915 366 975 De
380 912 486 997 lirapam
503 925 531 977 ct
549 873 676 1014 stylo[
685 912 907 978 uatuordecim
925 914 1087 977 canonicae
1104 913 1195 976 Pauli
1211 913 1360 997 Epistolae
1430 854 1560 996 “hd

228 1036 330 1100 graeee
354 1024 490 1078 exarare
503 913 712 1129 fueruntgln
727 1016 867 1111 Epistola
880 1014 922 1078 ad
935 1014 1087 1086 Hebraeos
1099 1015 1250 1080 hebraice
1264 1015 1360 1078 luerit

229 1104 718 1216 examatffj‘a'ostcalinqrsrrcmus]
728 1120 832 1183 Scatet
848 1102 946 1202 porro
958 1138 1080 1202 graccus
1093 1116 1236 1203 Apostoli
1253 1136 1359 1181 sermo

227 1221 360 1285 vocibus
376 1230 408 1284 et
424 1221 823 1286 locutionibushehraicis.
838 1220 933 1302 Quod
946 1231 976 1285 et
989 1222 1021 1284 in
1035 1221 1183 1284 omnibus
1199 1221 1269 1284 aliis
1284 1220 1358 1284 nori

228 1323 419 1387 Testamenti
433 1323 522 1390 libris
540 1304 986 1426 cernitur<Quamuisautem
1003 1323 1174 1408 Apostolus
1192 1323 1274 1386 benc
1288 1322 1358 1386 cal-

126 1424 133 1433 '
229 1425 308 1488 leret
323 1425 467 1509 linguam
484 1425 726 1512 graecam,.ejus
740 1425 838 1491 dictio
854 1425 961 1489 dill'ert
977 1425 1020 1489 ab
1032 1426 1210 1490 elocutione
1223 1426 1358 1509 scripto-

228 1549 301 1591 rum
324 1529 653 1621 optimegraeeorum,
678 1531 790 1615 quales
811 1538 883 1593 sunt
898 1529 1140 1611 Denrosthcnes,
1162 1528 1355 1612 Xenophon,

139 1688 146 1695 .
220 1618 434 1727 nlifflSermo,
453 1654 517 1717 quo
540 1654 616 1697 usus
640 1642 687 1697 est
698 1634 816 1697 Paulus
829 1633 861 1695 in
874 1633 937 1696 suis
949 1632 1107 1716 Epistolis,
1121 1632 1269 1695 convenit
1283 1651 1357 1693 eum

228 1733 282 1796 illo
307 1755 466 1817 sermone,
491 1733 578 1819 quod
603 1744 671 1799 erat
688 1736 720 1798 in
741 1757 800 1808 usu
823 1736 892 1798 vite
913 1736 1092 1798 eommunis
1109 1755 1167 1818 per
1187 1733 1357 1817 imperium

228 1834 471 1927 Macedonicum
487 1858 506 1900 a
524 1846 669 1923 tempore
688 1836 863 1901 Alexandri
881 1837 987 1921 Magni
1007 1812 1234 1937 (Uffiuamvis
1249 1843 1356 1898 autem

227 1956 348 2022 graecm
373 1937 438 2002 divi
458 1937 601 2024 Apostoli
619 1941 716 2026 stylus
736 1960 941 2026 nequaquam
958 1961 995 2002 ea
1016 1939 1185 2023 elegantia,
1206 1937 1354 2022 puritate,
1463 1972 1470 1983 .

227 2039 396 2104 harmonia
409 2050 441 2104 ct
452 2051 532 2124 arte,
543 2052 680 2126 praestet,
695 2043 812 2127 quihus
824 2042 966 2105 eminent
979 2041 1188 2105 Athenienses
1201 2049 1354 2121 oratores,

227 2141 331 2225 Plato,
348 2143 578 2209 Demosthenes
589 2154 621 2208 et
636 2145 702 2227 alii,
717 2144 815 2208 habet
828 2153 934 2207 tamen
947 2143 1089 2207 divinam
1103 2141 1277 2227 quamdam
1291 2143 1356 2205 uim

227 2253 259 2307 et
278 2247 442 2330 energiam
466 2269 537 2333 quac
561 2249 685 2311 animos
703 2254 890 2333 mentesque
910 2248 1004 2332 rapit.
1024 2246 1205 2312 Verborum
1230 2246 1356 2331 parcior

226 2356 275 2411 est
298 2349 388 2413 Pauli
412 2352 532 2435 oratio,
558 2350 614 2415 sed
639 2349 784 2417 abundat
808 2351 1004 2435 metaphoris
1026 2359 1058 2414 et
1081 2349 1247 2432 sensibus;
1273 2371 1356 2435 saepe

227 2450 431 2538 abrumpitur
446 2464 477 2518 et
491 2454 614 2542 absque
633 2477 717 2520 nexu
731 2453 870 2519 indicato
888 2454 929 2518 de
942 2477 1005 2519 una
1022 2455 1174 2518 sententia
1192 2456 1301 2517 transit
1314 2453 1356 2518 ad

226 2554 337 2637 aliam3
351 2538 439 2622 amat
450 2558 545 2622 etiam
560 2560 776 2644 parentheses.
792 2558 818 2620 N
821 2581 860 2622 ou
874 2559 1010 2644 exquirit
1024 2556 1195 2642 Apostolus
1206 2558 1356 2621 humanae

227 2657 388 2741 sapientie
400 2659 499 2725 verba
513 2670 543 2724 et
558 2670 672 2742 artem,
687 2659 743 2724 scd
755 2671 878 2724 mentes
891 2661 987 2724 trahit
999 2669 1031 2723 et
1045 2661 1205 2725 illuminat
1217 2658 1355 2724 dictione

226 2758 334 2824 vivida
357 2771 389 2824 et
412 2765 575 2828 sententiis
597 2763 723 2829 divinis.
751 2789 766 2822 «
791 2764 935 2827 'Paulum‘
951 2763 1164 2848 Apostolum,
1190 2763 1356 2849 inquiebat

222 2853 439 2949 'Hieronymus
463 2867 524 2953 (ἓ),
546 2868 810 2953 quotiescumque
830 2867 915 2951 lego,
936 2864 1048 2930 videor
1069 2867 1147 2929 mihi
1173 2887 1237 2929 nou
1256 2865 1354 2930 verba

226 2963 350 3050 audire,
367 2967 424 3031 sed
436 2970 616 3035 tonitrua...
631 2969 781 3034 videntur
793 2968 924 3056 quidem
939 2968 1035 3033 verba
1049 2968 1204 3053 simplicia
1220 2978 1251 3031 et
1264 2971 1355 3054 quasi

226 3066 403 3134 innocentis
424 3072 564 3138 hominis
576 3082 607 3136 et
623 3072 786 3154 rusticani,
802 3071 858 3136 sed
874 3091 1080 3158 quocumque
1094 3071 1271 3154 respexeris
1287 3070 1374 3132 ful-1

226 3171 312 3235 mina
331 3183 449 3238 sunt.»

420 3438 476 3502 Ill.
500 3440 545 3502 De
568 3444 744 3505 asertoritote
767 3441 975 3525 Epistularum
997 3441 1031 3508 S.
1056 3440 1163 3504 Perdi.

258 3701 301 3765 l.
320 3701 583 3786 Quatuordceim,
611 3726 691 3790 quas
715 3706 973 3768 enumeravimus
993 3703 1058 3769 divi
1075 3706 1166 3769 Pauli
1187 3705 1354 3790 Epistulas,

225 3803 323 3886 ipsius
337 3802 480 3888 Apostoli
496 3804 608 3868 loetum
624 3828 692 3870 esse
710 3807 897 3891 gemrinum,
916 3804 1089 3892 divinaque
1106 3806 1227 3890 pollere
1240 3815 1354 3870 aucto-

225 3907 318 3970 ritate
333 3907 506 3970 certissime
532 3917 664 3972 constat.
693 3911 729 3972 ln
749 3910 811 3972 hae
834 3918 941 3973 tamen
957 3918 1048 3993 parte
1068 3916 1100 3971 et
1115 3907 1192 3970 olim
1212 3916 1243 3970 et
1258 3907 1354 3972 hodie

225 4030 290 4073 uon
314 4010 413 4073 semel
437 4019 578 4073 erratum
601 4021 658 4075 est.
685 4011 804 4095 Quare,
830 4022 1003 4097 antequam
1028 4010 1240 4095 Epistularum
1263 4011 1354 4075 Pauli

138 4244 141 4252 '
257 4244 293 4309 (l)
304 4245 356 4296 Csr.
374 4245 474 4308 benten,
492 4243 637 4296 Grammat.
648 4218 746 4310 prurit.
762 4247 797 4301 N.
814 4248 840 4298 Τ.
853 4248 920 4298 Soet.
933 4245 953 4308 l,
966 4243 981 4311 ᾖ
993 4245 1042 4296 Ξῦ.

256 4325 292 4391 (2)
308 4327 390 4393 Epist.
408 4327 441 4378 ts
456 4329 492 4378 od
501 4326 634 4381 Pammoe.
647 4342 671 4379 n.
688 4328 729 4382 ta.
