3134 4934
284 300 349 365 382
516 314 718 365 turuouucrto
729 313 877 363 sescentis
891 315 925 362 m
941 315 967 363 s.
982 277 1183 367 sentimum

279 421 386 507 jectus
402 428 433 484 ct
445 419 487 484 ab
505 422 620 506 angelo
636 421 803 502 liberatus,
821 415 998 485 Antiochise
1021 420 1138 487 deinde
1161 422 1273 488 Roma
1294 419 1418 508 praedi-
1451 441 1455 446 ’

280 524 381 588 cavit.
397 523 510 587 Postea
527 522 662 588 concilio
686 523 951 608 ierosolymitano
971 523 1144 608 presidens
1166 535 1278 590 auctor
1300 526 1362 590 tuit
1384 536 1419 590 ut

284 625 433 712 gentibus
457 628 617 691 conversis
633 624 752 713 jugum
775 626 854 710 legis
882 620 979 711 Moysi
1002 647 1067 691 non
1100 627 1320 714 imponeretur
1355 629 1416 716 (l).

285 730 430 815 Denique
456 750 529 793 cum
554 730 691 793 multum
712 729 745 792 in
768 721 975 813 predicanda
1004 726 1138 794 diuersis
1164 730 1205 794 ‘in
1241 731 1320 797 locis
1356 730 1419 795 lide

285 831 400 896 Christi
429 829 616 914 laborasset,
640 831 753 895 Rome
776 827 885 894 sedem
909 828 1105 915 pontificiam
1128 831 1208 915 fixit,
1232 829 1266 896 in
1288 854 1420 898 crucem

259 919 267 926 ”
287 942 389 1016 actus,
410 932 512 1018 capite
531 933 564 996 in
579 941 697 996 terram
711 950 816 1014 verso,
831 951 902 994 serae
917 930 1057 1017 vulgaris
1072 932 1224 998 ennodi.

327 1036 358 1099 5.
378 1035 498 1098 IPetri
510 1033 657 1121 Epistola
669 1046 894 1119 arpuorcatum,
908 1032 1020 1098 occasio
1041 1042 1069 1098 ct
1089 1034 1262 1101 destinatio.
1287 1033 1417 1103 Dirccta

283 1140 343 1203 fuit
360 1140 500 1224 Epistola
518 1137 560 1202 ad
575 1136 896 1225 judaeo-christianos
911 1159 970 1222 per
982 1135 1153 1222 Galatiam,
1168 1137 1319 1219 Pontum,
1335 1141 1402 1226 Cap

282 1241 465 1327 padociam,
487 1242 688 1325 provinciam
710 1240 792 1305 Asiae
808 1249 839 1302 et
855 1240 1036 1325 Bythiniam
1054 1238 1225 1326 dispersos,
1243 1251 1279 1306 ut
1296 1253 1421 1307 constat

282 1368 321 1435 cr
342 1345 571 1430 inscriptione:
594 1345 707 1409 Petrus
730 1342 896 1428 Apostolus
918 1346 993 1408 desa
1019 1342 1147 1419 Christi,
1173 1345 1272 1410 clectis
1295 1348 1423 1412 aduersis

278 1449 480 1533 dispersionis
494 1448 601 1527 Ponti,
625 1445 764 1520 Galatia,
792 1444 1002 1530 Cappadocia,
1026 1447 1110 1511 Asta
1132 1458 1160 1510 ct
1185 1448 1339 1534 Bptbinioe
1356 1448 1418 1534 (Ι)

326 1551 357 1613 l.
383 1549 490 1630 Quum
515 1550 610 1633 igitur
641 1547 753 1612 fideles
788 1570 846 1633 per
881 1549 1028 1633 regiones
1062 1549 1166 1632 Ponti,
1202 1550 1356 1635 Bytltiniae
1388 1563 1421 1615 et

281 1652 418 1715 aliarum
430 1652 599 1736 regionum
613 1651 667 1714 hic
684 1660 908 1714 enarraturum
930 1671 969 1713 cx
989 1659 1080 1736 parte
1101 1651 1303 1717 ethnicorum
1322 1655 1419 1718 variis

281 1753 385 1819 modis
408 1752 627 1839 affligerentur
649 1753 759 1840 eisque
783 1760 887 1816 essent
910 1751 1024 1836 odiosi,
1051 1754 1128 1839 quia
1148 1754 1190 1818 ab
1208 1776 1320 1818 corum
1342 1755 1419 1821 ido-

281 1859 407 1924 lolatria
431 1867 461 1921 et
483 1857 567 1920 vitiis
590 1866 688 1942 atquc
711 1855 857 1919 moribus
878 1865 1086 1936 recesserant,
1113 1856 1147 1920 S.
1169 1858 1280 1921 Petrus
1301 1880 1417 1923 conso-

262 2031 266 2038 ,
281 1961 429 2024 laturiam
446 1969 542 2044 atquc
564 1958 775 2022 hortatoriam
791 1956 831 2022 ad
851 1979 904 2021 eos
919 1959 1044 2042 scripsit
1059 1959 1247 2043 Epistulam,
1265 1970 1300 2023 ut
1318 1962 1415 2026 simul

281 2083 335 2126 eos
351 2063 384 2125 in
397 2060 461 2124 fide
474 2059 628 2141 firmaret,
644 2060 676 2122 iu
690 2080 779 2144 spem
795 2059 931 2144 erigeret
944 2058 1029 2124 etad
1042 2061 1174 2124 virtutes
1187 2071 1362 2127 exerceret.

324 2167 358 2229 5.
385 2164 550 2228 Praemisso
575 2163 789 2245 salutatione,
813 2162 983 2247 Apostolus
1007 2164 1125 2247 gratias
1147 2165 1212 2248 agit
1235 2165 1302 2228 Deo
1327 2165 1417 2251 quod

279 2290 350 2351 eos,
365 2268 482 2353 quibus
495 2265 615 2348 scribit,
636 2264 677 2329 ad
699 2264 796 2329 fidem
815 2275 846 2329 et
865 2267 963 2329 sitam
984 2275 1136 2331 aternam
1156 2267 1417 2334 tribulationibus

279 2369 510 2458 acquirendam
524 2392 583 2455 per
595 2369 754 2433 Christum
769 2369 905 2433 uocauit.
924 2369 1078 2433 Hortatur
1092 2391 1146 2435 eos
1162 2368 1202 2433 ad
1220 2371 1291 2434 sitae
1311 2392 1412 2435 mun-

280 2474 404 2556 ditiam,
437 2482 472 2535 ut
505 2472 561 2557 qui
586 2472 740 2556 sanguine
763 2470 876 2535 Christi
902 2468 1047 2535 mundati
1072 2480 1144 2535 sunt
1167 2472 1220 2557 (1).
1246 2472 1352 2536 Monet
1374 2483 1411 2537 ut

276 2578 409 2663 propius
444 2574 599 2641 accedant
621 2574 661 2639 ad
687 2558 858 2659 Christum,
884 2574 1025 2661 lapidem
1055 2576 1191 2641 electum
1215 2586 1246 2640 et
1269 2579 1410 2662 angula-

274 2701 356 2764 rem,
379 2688 414 2742 ut
434 2688 541 2743 sancte
562 2679 645 2742 intcr
664 2688 774 2764 gentes
793 2689 1033 2763 conversentur,
1056 2679 1255 2765 principibus
1274 2690 1410 2766 pareant

275 2794 306 2849 ct
316 2784 441 2863 tametsi
455 2783 587 2866 innoxii,
603 2784 751 2868 exemplo
764 2783 889 2865 Christi,
905 2782 1038 2868 injurias
1050 2783 1207 2869 patienter
1219 2783 1324 2847 ierant
1336 2783 1406 2870 (ll).

273 2889 410 2955 Viroset
424 2909 539 2955 uxores
554 2888 656 2951 mutui
676 2885 829 2951 admonet
852 2885 958 2968 officii,
983 2886 1130 2950 hortatur
1151 2884 1194 2949 ad
1218 2907 1317 2970 opera
1338 2888 1409 2951 uir·
1506 2906 1515 2918 ¹

276 3000 391 3073 tutum,
417 2990 460 3055 ad
483 2989 680 3054 sufferendas
702 2991 860 3075 patienter
894 2989 1127 3072 tribulationes,
1163 2986 1321 3074 docetque
1354 3010 1410 3054 eos

277 3097 393 3159 salvari
412 3116 469 3179 per
484 3093 655 3178 baptisma,
671 3092 761 3179 eujus
784 3113 859 3157 arca
880 3093 948 3157 Noe
968 3091 1070 3176 figura
1093 3092 1153 3155 tuit
1174 3091 1259 3176 (ΙΙΙ).
1285 3094 1409 3156 Rursus

170 3227 173 3233 ·
275 3199 421 3273 hortatur
436 3198 548 3262 Christi
562 3207 665 3261 morte
679 3195 862 3281 redemptos
876 3206 911 3259 ut
931 3204 1065 3281 pergant
1085 3197 1249 3280 preterita¹
1264 3194 1408 3260 devitare

276 3310 418 3387 peccata,
442 3300 664 3365 incumbentes
685 3299 882 3363 orationibus
906 3307 938 3362 et
959 3306 1076 3361 mutuae
1099 3297 1260 3363 dilectioni
1280 3309 1312 3363 et
1334 3299 1407 3363 laeto

309 3515 345 3581 (Ι)
361 3517 416 3567 Art.
433 3516 485 3567 ttv.

307 3597 343 3663 (i)
359 3598 438 3649 Voces
462 3598 567 3647 adriense
591 3594 764 3661 dispersionis
785 3609 835 3646 non
858 3596 990 3660 designare
1005 3597 1120 3650 ethnicos
1138 3611 1280 3662 conuersos,
1299 3601 1344 3651 sed
1362 3602 1407 3652 tu-

273 3683 338 3734 daeos
358 3681 429 3745 patet
447 3693 478 3730 ex
496 3680 615 3729 vocabulo
643 3679 814 3743 dispersionis
839 3679 904 3743 quod
928 3680 1018 3730 nullibi
1037 3681 1069 3731 de
1087 3682 1204 3744 ethnicis,
1223 3683 1267 3733 sed
1289 3691 1358 3735 certe
1376 3686 1408 3735 tte

272 3764 369 3815 Judaeis
381 3769 453 3813 extra
463 3761 575 3813 tudaeum
587 3760 708 3823 dispersis
722 3760 826 3821 dicitur,
844 3768 873 3811 ut
891 3768 991 3812 constat
1008 3776 1040 3812 ex
1056 3762 1112 3814 lac.
1131 3762 1175 3823 t‚t
1194 3762 1330 3816 :lacobus
1341 3768 1409 3817 duo-

272 3846 353 3896 decim
368 3843 486 3895 tribubus
500 3856 557 3907 quoe
568 3847 628 3891 sunt
639 3842 667 3892 in
680 3843 849 3906 dispersione.
863 3843 990 3894 Praetcrea
1005 3846 1097 3896 Petrus
1117 3846 1144 3896 in
1160 3845 1214 3909 ipsa
1226 3846 1313 3911 Epist.
1332 3847 1375 3910 lll,
1392 3848 1408 3898 6

273 3927 393 3978 mulieres
412 3926 542 3989 alloquens
556 3937 598 3974 eas
614 3929 686 3974 vocat
702 3924 778 3975 Sarte
789 3924 867 3989 fitius,
884 3926 953 3988 quod
968 3927 999 3976 de
1014 3927 1124 3978 ethnicis
1137 3928 1223 3979 dicere
1239 3942 1288 3979 uon
1306 3931 1408 3992 potuis-

272 4015 321 4059 set.
340 4008 409 4057 lianc
423 4007 576 4056 sententiam
592 4012 680 4056 tenent
696 4006 822 4057 Eusebius
839 4005 917 4067 (Hist.
932 4007 1000 4058 licet.
1019 4007 1061 4070 ΙΙΙ,
1080 4008 1115 4073 t),
1135 4008 1258 4074 Didymus
1275 4010 1314 4061 hl.
1337 4011 1377 4073 (ia
1395 4013 1408 4063 Ι

269 4090 340 4140 Petr.
352 4089 371 4150 Ι,
385 4088 596 4150 t).ttier)nymns
614 4087 660 4149 (Di
681 4088 737 4139 Vir.
755 4088 794 4139 itt.
813 4088 841 4149 Ι).
865 4089 935 4149 Quod
957 4091 979 4140 si
997 4090 1114 4154 quedem
1132 4093 1207 4143 sertia
1222 4100 1359 4144 occurrant
1377 4093 1405 4144 in

272 4171 383 4233 Epistola
395 4182 453 4232 quae
464 4177 553 4232 gentes
565 4169 650 4232 potius
662 4170 788 4232 respicere
806 4170 947 4232 uideantur,
964 4179 993 4222 ut
1005 4171 1025 4231 Ι,
1040 4174 1085 4231 ts:
1106 4172 1137 4233 ll,
1154 4174 1194 4233 to,
1207 4174 1273 4224 bene
1282 4175 1360 4227 etiem
1375 4178 1408 4228 de

270 4252 363 4303 iudeis
381 4251 420 4300 set
439 4252 527 4301 satiem
546 4252 578 4300 de
607 4253 738 4316 proselytis
758 4252 808 4304 diei
829 4260 944 4315 possunt.
965 4254 1022 4315 vio.
1047 4254 1130 4305 Glaire
1149 4262 1176 4305 et
1196 4254 1296 4306 Estiuni
1318 4265 1407 4309 contre

272 4333 418 4396 Reithmayr
431 4338 457 4382 et
473 4332 597 4382 Giinther.
