3142 4964
267 329 310 393 54
493 325 693 389 tnrttonttcrlo
709 345 857 387 seramus
872 344 904 385 ΙΝ
924 332 952 387 8ss
968 344 1168 386 SCRIPTUMM.

138 466 172 513 ι.
267 457 322 511 aut
338 445 475 532 propriis
500 440 676 509 commodis
700 441 814 506 studet.
842 442 956 505 Narrat
979 440 1111 528 quidem
1134 443 1289 506 miracula
1314 466 1333 508 a
1363 467 1398 510 se

267 559 392 635 patrata
410 573 417 611 ι
437 548 548 633 plagas
563 549 701 632 AEgypti,
723 567 811 609 mare
835 544 985 628 divisum,
1003 566 1122 630 aquam
1146 567 1163 608 c
1187 567 1267 631 rupe
1292 545 1409 612 educ-'

187 712 193 721 ,
267 661 357 733 tam3
389 671 460 735 quae
484 647 615 766 quidem
634 648 771 733 gloriam
798 647 856 732 ipsi
889 646 1004 710 afferre
1032 656 1107 711 nata
1127 657 1222 731 sunt3
1246 658 1279 712 at
1300 650 1398 714 simul

267 701 388 816 indicet
404 772 436 815 se
453 753 578 815 nonnisi
602 752 659 814 Dei
677 752 924 815 instrumentum
948 750 1057 832 luisse,
1076 759 1107 812 et
1130 751 1267 834 ingenue
1286 762 1397 816 narrat

214 906 216 911 .
268 853 452 941 quomodo
444 877 476 917 m
483 851 540 917 his
553 853 717 955 patrandis
733 876 752 917 a
765 852 828 917 fide
841 854 908 917 Deo
922 851 1028 917 debita
1046 875 1290 940 nonnumquam
1303 855 1397 920 defe-
1448 878 1451 891 s

268 958 357 1041 cerit,
376 967 407 1021 et
430 957 496 1022 ab
489 979 633 1076 ingressu
649 960 682 1022 in
700 952 818 1022 terram
836 959 1025 1043 promissam
1043 959 1189 1022 exclusus
1205 936 1322 1056 fueri]
1290 960 1398 1025 tNec
1439 954 1444 969 ’
1500 979 1504 984 ’

268 1007 403 1145 gloriam
424 1061 561 1124 nominis
575 1070 631 1124 aut
646 1060 841 1146 antiquitatis
858 1058 917 1123 sibi
925 1068 987 1123 aut
1003 1079 1067 1122 sure
1083 1061 1167 1144 genti
1185 1082 1205 1123 a
1219 1060 1397 1146 majoribus

267 1160 431 1241 yindicare
456 1162 572 1247 studet,
594 1172 629 1226 ut
645 1164 767 1227 faciunt
783 1184 845 1248 gen
846 1164 925 1225 tium
945 1162 1098 1245 historici.
1119 1163 1271 1226 Econtra
1287 1173 1398 1228 narrat
1465 1237 1476 1242 ,
1524 1214 1558 1247 ,Ἴ

267 1266 419 1330 Hebraeos
437 1265 544 1330 adhuc
556 1266 763 1351 paucissimos
777 1274 807 1328 et
823 1264 965 1351 abjectos
986 1264 1082 1328 fuisse
1098 1286 1198 1350 quum
1211 1263 1282 1349 jam
1298 1266 1396 1330 flore-

268 1378 339 1432 rent
350 1379 459 1454 gentes
474 1369 584 1458 vicinae
602 1371 835 1455 AEgyptiorum,
850 1366 1073 1434 Chaldaeorum
1085 1377 1116 1432 et
1128 1368 1396 1436 Chananaeorum.

267 1470 383 1535 Narrat
399 1470 515 1535 delicta
531 1473 641 1556 populi
655 1482 686 1535 et
698 1471 906 1555 familiarum3
922 1470 1020 1535 refert
1034 1479 1258 1535 testamentum
1268 1470 1395 1554 Jacobi,
1478 1470 1484 1477 ’

268 1594 368 1656 equo
394 1571 604 1657 opprobrium
628 1571 832 1636 redundabat
856 1575 888 1637 in
913 1572 1034 1636 tribum
1054 1573 1141 1656 Levi,
1161 1594 1180 1636 a
1199 1595 1264 1658 qua
1287 1583 1397 1639 tamen

269 1673 421 1739 oriundus
438 1676 505 1760 ipse
528 1686 607 1741 erat.
618 1670 707 1739 'Tam
731 1677 844 1760 procul
866 1685 975 1740 autem
993 1674 1035 1739 ab
1051 1675 1248 1761 exquirendo
1265 1677 1396 1761 proprio

269 1777 439 1842 commodo
456 1779 557 1863 abest,
575 1789 621 1862 ut,
635 1778 707 1849 filiis
725 1781 788 1843 suis
805 1781 837 1843 in
855 1781 1024 1843 levitarum
1041 1779 1136 1865 plebe
1148 1781 1277 1863 relictis,
1292 1778 1412 1845 haro·⁴
1470 1828 1472 1833 ψ

269 1902 343 1943 ιιιιιι
359 1878 558 1944 sacerdotem
572 1890 603 1945 et
614 1882 711 1945 Josue
726 1904 765 1945 ex
781 1881 868 1946 tribu
879 1883 1045 1967 Ephraim,
1061 1878 1178 1945 ducem
1190 1883 1300 1968 populi
1314 1903 1397 1946 con·
1428 1937 1430 1943 ,

269 1984 413 2047 stituerit.
435 1982 565 2075 Ubique·
582 1993 648 2047 tum
666 1986 699 2048 in
715 1985 779 2049 rita
793 1985 902 2070 ipsius.
917 1995 985 2072 tum
1009 1987 1042 2048 in
1066 1986 1212 2048 sermone
1228 1983 1397 2050 exhibetur
1514 1994 1540 2063 ’ζ

181 2121 184 2131 ·
269 2087 379 2172 optimi
397 2087 453 2150 viri
466 2086 596 2172 effigies,
617 2088 751 2151 eximius
769 2108 897 2153 morum
912 2086 1045 2171 candor,
1063 2086 1185 2154 fraudis
1198 2110 1236 2152 ac
1251 2089 1396 2153 falsitatis
1496 2087 1498 2093 ’
1523 2085 1526 2095 '

269 2189 373 2251 nescia
390 2187 525 2270 indoles,
544 2189 671 2274 egregia
686 2191 719 2253 iu
743 2190 847 2253 Deum
871 2190 983 2275 pietas,
1008 2187 1148 2252 studium
1172 2190 1292 2253 virtutis
1313 2211 1396 2253 eon-

268 2291 395 2379 stans,
387 2311 420 2352 ιιι
436 2289 605 2354 narrandis
628 2292 692 2355 suis
713 2300 744 2356 et
763 2313 894 2356 suorum
909 2291 1070 2355 erroribus
1087 2289 1309 2355 admiranda
1301 2312 1396 2375 mge-
1478 2291 1484 2305 ⁴
1528 2280 1530 2287 l

268 2394 396 2476 nuitas,
425 2394 458 2456 in
491 2393 631 2457 ferendis
661 2395 777 2480 ingrati
802 2395 913 2480 populi
942 2393 1119 2460 contradict
1120 2393 1244 2458 ionibus
1269 2414 1395 2457 summa

51 2447 178 2678 dja,
144 2461 204 2560 ι
268 2442 468 2582 patientiaet
455 2467 696 2602 tcharitas.M
639 2467 775 2602 Moyses
794 2519 976 2686 nunqupgrp
970 2498 1075 2683 A,piis
1078 2498 1247 2562 hominum
1263 2495 1396 2560 blandi·
1375 2518 1418 2583 -j

268 2608 331 2680 tur,
361 2621 527 2685 nunquam
556 2601 666 2686 populi
698 2601 843 2666 favorem
871 2624 913 2666 au
1109 2599 1165 2665 sed
1194 2601 1396 2687 gravissimas

128 2755 150 2790 p
169 2612 255 2803 lys*
268 2702 354 2787 leges
384 2703 520 2787 imponit
544 2704 727 2769 hominibus
749 2703 838 2768 durae
862 2623 993 2768 cervldls
1006 2703 1138 2788 ,iisque
1158 2702 1393 2787 rebellionem,
1524 2785 1529 2793 Ρ

52 2812 171 2952 we
93 2776 132 2841 'tl
167 2757 213 2861 ll
139 2807 414 2927 Ἰξςιιίιιιίιιι,
406 2807 641 2892 ,impietatem,
659 2809 771 2894 saepius
784 2818 814 2872 et
829 2807 908 2872 dure
928 2753 1122 2892 exprobrat,
1143 2807 1247 2870 nullos
1263 2803 1396 2870 adhibet
1454 2870 1458 2877 ,
1498 2853 1502 2865 .

81 2895 233 3039 wi,
269 2919 362 2974 testes
374 2907 416 2973 ad
429 2908 576 2973 fraudem
590 2920 802 2996 comparatos,
817 2909 872 2975 sed
885 2894 1038 2996 prdvoeat
1050 2909 1090 2973 ad
1107 2908 1204 2974 fidem
1217 2908 1394 2995 publicam,

269 3011 312 3076 ad
327 3013 465 3097 universi
486 3013 596 3097 populi
616 2999 858 3107 testimonrunss
865 3014 984 3077 Imo
952 3021 984 3077 ι
1002 3014 1131 3098 stylus
1123 3034 1190 3097 ipse·
1210 3011 1345 3096 simplex
1365 3020 1398 3074 et

269 3123 396 3198 apertus
412 3111 638 3200 modestiaeque
655 3116 779 3199 plenus,
796 3115 869 3179 satis
889 3113 1025 3179 ostendit
1041 3123 1205 3178 auctorem
1221 3111 1396 3178 candidum

270 3226 301 3279 et
312 3238 460 3281 veracem
472 3239 667 3303 omnemque
680 3220 809 3302 expellit
826 3217 948 3282 fraudis
961 3218 1183 3302 suspicionem.
1198 3216 1246 3278 Ex
1257 3215 1306 3278 his
1322 3215 1397 3278 satis

270 3327 356 3401 patet
373 3321 500 3405 Moysen
516 3319 664 3405 decipere
682 3321 831 3384 noluisse.

117 3392 224 3535 lm
313 3396 598 3537 lilffraeterea
592 3421 717 3486 facta
709 3446 741 3486 m
769 3424 985 3488 Pentateucho
1018 3422 1176 3507 descripta
1201 3424 1244 3486 ita
1266 3420 1396 3507 publica

72 3476 121 3538 w
270 3531 355 3603 sunt,
374 3532 417 3586 ιιι
437 3523 520 3586 inter
540 3545 572 3587 se
590 3525 700 3587 intime
726 3546 881 3607 connexa,
901 3528 944 3589 ita
962 3546 1035 3589 eum
1056 3525 1120 3587 vita
1140 3532 1171 3586 et
1189 3523 1260 3586 latis
1285 3522 1397 3606 populi

270 3625 433 3691 Israelitici
458 3628 673 3709 cohaerentia,
700 3637 735 3692 ut
759 3631 854 3714 Moy'
822 3651 855 3693 si
886 3629 1081 3714 impossihile
1114 3629 1209 3691 fuerit
1232 3625 1393 3710 decipere,

270 3730 393 3792 etiamsi
405 3730 564 3794 voluisset.
564 3653 1188 3833 Eteninffluoadlrmmnamfimffls,
1198 3751 1269 3793 eam
1284 3749 1395 3793 omnes

270 3832 419 3895 Israelitae
433 3855 472 3896 ex
484 3816 652 3897 traditione
667 3844 697 3898 ιι
712 3836 781 3898 aliis
796 3837 1010 3899 monumentis
1028 3845 1092 3919 tam
1105 3832 1187 3896 bene
1201 3853 1298 3918 quam
1312 3833 1397 3914 hloy-
1497 3876 1499 3881 ,
1547 3828 1549 3835 ⁴

270 3954 319 3996 ses
337 3936 581 4019 cognoscebant,
600 3945 631 4000 et
649 3958 760 4000 eorum
781 3939 932 4002 intererat
944 3937 1012 4023 ejus
1027 3944 1212 4000 accuratam
1232 3935 1395 3997 notionem

269 4028 584 4134 servarrflsiquidem
602 4039 634 4101 in
649 4040 714 4121 illa,
733 4041 766 4103 in
790 4031 1050 4126 promissionibus
1069 4038 1187 4101 scilicet
1204 4035 1396 4100 Patriarchis

269 4139 373 4221 factis,
394 4141 497 4203 omnis
518 4161 628 4203 eorum
650 4163 720 4225 spes
740 4142 955 4226 reponebatur
970 4151 1000 4204 et
1019 4141 1099 4203 ratio
1116 4137 1355 4202 reddebatur
1329 4159 1396 4201 crr-

107 4234 192 4354 ff,
269 4242 470 4306 cumcisionis
496 4243 547 4306 cui
574 4241 855 4328 adstringebantur
870 4241 990 4348 {ffllffld
1013 4263 1089 4307 vero
1119 4230 1229 4307 attinet
1256 4241 1395 4307 aliorum

133 4340 143 4351 ''
200 4328 206 4349 '
269 4342 425 4409 librorum
448 4323 761 4469 historiamffigis
784 4341 1015 4447 AEgyptlaeas,
1015 4346 1184 4425 transitum
1206 4343 1314 4427 maris,
1334 4341 1395 4406 da-
