3166 4958
271 295 334 363 226
498 308 698 355 rmnoouorro
713 305 860 348 srncmms
875 306 907 348 m
927 306 953 348 s.
970 300 1171 351 somrrunmr.

271 414 442 499 Assumpto
465 412 572 498 itaque
597 405 769 491 Evangelio
791 403 878 490 quod
902 405 969 489 ipse
990 405 1184 489 confecerat,
1203 407 1344 491 perrexit
1366 407 1406 471 in

271 520 456 604 AEgyptum,
474 524 506 579 et
528 514 649 599 primus
670 505 872 573 Alexandriae
895 507 992 572 fidem
1015 510 1218 591 annuntians,
1240 510 1408 573 constituit

271 620 450 685 eeclesiam.
472 643 486 678 o
507 641 522 676 a
540 613 750 698 Evangelium
766 608 943 674 secundum
955 611 1112 695 Marcum,
1132 612 1235 696 inquit
1250 612 1407 697 synopsis

180 740 182 745 ⁴
273 723 441 803 Athenas,
459 722 571 786 Roma
587 714 718 804 quidem
735 712 777 777 ab
796 712 948 797 Apostolo
969 714 1063 779 Petro
1079 712 1234 778 dictatum
1251 724 1309 798 est,
1328 713 1406 778 edi-

274 836 341 894 tum
372 845 449 890 vero
474 845 493 887 a
522 822 670 885 Marco...
699 826 731 880 et
760 815 803 880 ab
826 817 895 901 ipso
919 825 1027 901 postea
1054 814 1256 881 Alexandriae
1278 813 1405 901 praedi-

273 951 312 995 ca
384 953 429 992 ,Ι

317 1033 337 1096 6
373 1030 497 1094 Marcus
524 1027 620 1112 igitur
645 1025 755 1088 Romae
785 1023 969 1109 conscripsit
992 1024 1202 1108 Evangelium
1225 1034 1405 1110 antequam

205 1196 208 1201 .
275 1136 452 1209 mitteretur
480 1132 514 1194 in
538 1131 721 1214 AEgyptum,
736 1124 822 1212 quod
843 1125 1002 1190 affirmant
1018 1127 1114 1191 etiam
1138 1127 1171 1192 S.
1189 1128 1403 1212 Epiphanius,
1465 1111 1502 1189 0

275 1235 424 1322 Synopsis
440 1230 668 1313 Athanasiana,
686 1228 939 1313 Theophylactus
954 1229 1085 1315 aliique.
1105 1229 1406 1316 solers-Chrysoun-

276 1360 348 1404 mus
357 1336 405 1422 (l)
415 1336 525 1401 asserit
538 1336 683 1398 Marcum
694 1352 787 1395 suum
801 1332 1009 1416 Evangelium
1022 1335 1200 1397 exaravisse
1208 1334 1242 1397 in
1251 1334 1401 1418 AEgypto.

319 1442 352 1505 7.
371 1442 418 1504 Ex
434 1436 547 1503 iisdem
560 1435 745 1500 testimoniis
761 1435 921 1520 colligitur
935 1436 969 1500 S.
985 1435 1128 1500 Marcum
1141 1436 1301 1520 scripsisse
1313 1446 1405 1521 post·
1476 1498 1479 1503 ,
1550 1402 1564 1435 '¹

276 1564 375 1630 quam
394 1543 504 1606 Romae
523 1539 594 1626 jam
620 1537 800 1604 advenisset
825 1538 858 1601 S.
878 1539 1001 1622 Petrus,
1021 1559 1077 1602 seu
1098 1545 1169 1624 po'st
1188 1560 1308 1603 annum
1331 1560 1404 1605 arrae

276 1645 417 1730 vulgaris
432 1635 537 1747 tage:
555 1641 703 1705 Patritine
715 1647 805 1725 putat
820 1638 910 1703 brevi
922 1649 992 1725 post
1007 1639 1103 1725 hujus
1116 1638 1260 1725 Apostoli
1276 1637 1404 1705 adven-

277 1758 345 1813 tum
369 1748 512 1812 Marcum
537 1746 708 1830 scripsisse.
734 1741 828 1825 Quod
853 1743 1059 1808 confirmatur
1082 1743 1125 1809 ab
1148 1745 1316 1830 Euthymio
1331 1755 1363 1809 et
1381 1766 1403 1808 a

276 1849 470 1938 quibusdam
481 1847 645 1914 codicibus
656 1847 711 1932 qui
724 1846 757 1910 in
769 1845 1053 1930 subscriptionibus
1064 1845 1182 1911 docent
1193 1847 1401 1931 Evangelium

277 1954 376 2018 Marci
392 1952 606 2036 conscriptum
619 1972 686 2014 esse
702 1971 786 2014 anno
800 1947 926 2013 decimo
943 1971 962 2013 a
980 1951 1211 2014 resurrectione
1231 1951 1355 2016 Christi.

323 2059 354 2120 8.
372 2053 546 2118 Difficultas
564 2062 671 2117 tamen
687 2052 795 2137 aliqua
815 2052 968 2136 ingeritur
984 2072 1023 2115 ex
1039 2050 1144 2115 verbis
1159 2052 1192 2116 S.
1212 2053 1322 2116 lrenaei
1340 2052 1401 2139 (2),
1426 2062 1430 2069 '

279 2158 346 2245 qui,
373 2157 528 2241 originem
551 2155 797 2239 Evangeliorum
821 2152 1015 2238 describens,
1040 2157 1115 2218 ait:
1143 2179 1158 2215 r
1184 2156 1346 2221 Matthaens
1370 2157 1404 2220 in

279 2261 423 2327 Hebraeis
435 2261 577 2345 ipsorum
591 2259 700 2343 lingua
712 2257 909 2342 Scriptorum
917 2255 1015 2320 edidit
1024 2259 1200 2344 Evangelii,
1209 2280 1283 2324 cum
1292 2260 1405 2323 Petrus

277 2373 309 2428 et
332 2364 450 2427 Paulus
465 2364 577 2427 Romae
603 2361 856 2446 evangelizarent
876 2369 907 2423 et
927 2359 1101 2424 fundarent
1124 2362 1310 2426 Ecclesiam.
1329 2362 1405 2425 Post

275 2487 352 2531 vero
376 2466 492 2529 borum
518 2483 694 2545 excessum,
709 2463 846 2543 Marcus,
861 2459 1035 2546 discipulus
1051 2471 1082 2526 et
1093 2462 1249 2548 interpres
1260 2464 1356 2546 Petri,
1373 2471 1405 2525 et

277 2569 344 2654 ipse
360 2586 430 2655 quae
445 2587 464 2629 a
488 2566 583 2630 Petro
601 2564 745 2628 nuntiata
766 2572 867 2647 erant,
887 2585 944 2647 per
961 2566 1078 2649 scripta
1097 2565 1189 2630 nobis
1205 2563 1345 2631 tradidit.
1364 2565 1408 2630 Et

276 2671 378 2734 Lucas
393 2676 529 2732 sectator
549 2666 640 2731 Pauli
660 2663 746 2752 quod
764 2664 807 2728 ab
821 2663 876 2729 illo
889 2664 1123 2749 predicabatur
1138 2669 1346 2753 Evangelium
1369 2667 1404 2731 in

278 2772 360 2836 libro
375 2769 528 2836 condidit.
546 2796 561 2831 a
575 2770 622 2834 Ex
637 2768 687 2832 his
705 2767 812 2833 verbis
827 2768 916 2832 innui
936 2768 1061 2833 videtur
1075 2771 1284 2856 Evangelium
1304 2771 1405 2835 Marci

277 2884 348 2961 post
370 2883 506 2939 mortem
529 2873 755 2959 Apostolorum
775 2872 861 2935 Petri
880 2881 912 2935 et
928 2873 1019 2937 Pauli
1049 2874 1264 2960 conscriptum
1293 2875 1403 2957 luisse,

278 2975 366 3066 quod
382 2977 544 3042 conciliari
562 2975 672 3061 nequit
688 2994 762 3038 cum
782 2974 830 3056 iis,
846 2994 916 3059 quae
933 2972 976 3038 ab
989 2975 1058 3039 aliis
1073 2975 1220 3040 Patribus
1235 2974 1406 3040 traduntur

277 3078 318 3144 de
347 3089 451 3145 morte
473 3079 571 3143 Marci
593 3087 667 3142 ante
689 3086 826 3141 mortem
850 3077 935 3140 Petri
957 3085 988 3140 et
1012 3075 1053 3141 de
1075 3074 1213 3143 editione
1241 3079 1406 3164 Evangelii

277 3182 477 3267 approbante
494 3182 600 3246 Petro.
624 3180 727 3244 Omne
745 3178 987 3243 incommodum
1002 3181 1178 3264 tolleretur,
1197 3181 1223 3244 si
1244 3182 1406 3266 quiscum

277 3284 408 3348 Possiuo
435 3282 483 3368 (5)
503 3284 623 3368 legeret
648 3304 656 3345 τ
681 3281 756 3366 μετὰ
775 3281 826 3354 τὴν
852 3280 943 3345 τούτου
970 3278 1076 3345 ἔκδοσιν
1102 3279 1222 3370 Μάρκος
1241 3291 1301 3347 ete.
1326 3283 1408 3346 Post

278 3385 438 3451 editionem
450 3383 612 3470 Evanpetr'i
623 3383 769 3457 Mattltoei,
786 3385 919 3457 Morcus,
933 3392 994 3448 etc.
1010 3384 1098 3449 Alias
1110 3383 1304 3450 difficultatis
1317 3384 1406 3448 solu-

277 3488 378 3553 tiones
394 3488 534 3572 suggerit
552 3487 589 3551 P.
607 3487 755 3551 Patritius
773 3487 833 3571 (t).
845 3486 917 3571 lpse
938 3488 1114 3553 orationem
1132 3489 1225 3553 aliter
1237 3489 1407 3573 interpun-

278 3611 356 3677 gens
367 3590 454 3655 hunc
466 3591 551 3655 elicit
571 3610 720 3655 sensum:
737 3613 751 3649 a
764 3589 871 3671 Quum
884 3590 996 3655 Petrus
1008 3600 1040 3655 et
1050 3592 1169 3656 Paulus
1180 3594 1292 3658 Romae
1304 3612 1408 3655 evan·
1503 3614 1507 3619 ·

278 3694 449 3780 gelizarent
461 3702 493 3757 et
503 3690 676 3757 fundarent
684 3693 872 3774 Ecclesiam,
887 3703 958 3778 post
965 3694 1049 3758 Petri
1063 3695 1104 3760 ab
1117 3696 1204 3761 Urbe
1216 3694 1405 3778 discessum,

279 3799 445 3864 Marcus...
467 3796 675 3882 Evangelium
698 3795 912 3881 conscriptum
937 3795 1088 3882 tradidit,
1112 3808 1183 3884 post
1214 3819 1288 3864 vero
1312 3798 1407 3862 Pauli

279 3901 509 3988 profectionem
526 3899 569 3965 ab
586 3899 685 3983 Urbe,
703 3900 817 3982 Lucas,
835 3907 896 3963 etc.
914 3926 929 3960 »
950 3900 1010 3966 Vel
1025 3901 1168 3967 referens
1183 3922 1295 3967 vocem
1315 3895 1408 3977 εξοδσν

315 4094 350 4157 (Ι)
364 4093 441 4145 Hom.
455 4091 468 4143 Ι
479 4092 507 4143 tn
521 4089 653 4142 Muttito.
668 4090 693 4140 ὅ.

314 4173 350 4237 (2)
364 4174 464 4225 Contra
478 4171 549 4223 lloer.
561 4169 603 4233 ΙΙΙ,
619 4173 645 4222 Ι,

312 4255 348 4319 (5)
361 4256 460 4307 Catone
473 4254 526 4306 Vct.
538 4254 614 4306 Pntr.
626 4255 655 4305 tn
663 4251 750 4306 Marc.
762 4252 781 4304 Ι.
794 4253 846 4305 (ΙΙΙ.
863 4253 971 4308 mosum
983 4257 1014 4310 ad
1028 4256 1116 4310 lrenaei
1130 4257 1229 4310 Contra
1240 4247 1303 4306 lter.
1318 4251 1361 4316 ΙΙΙ,
1378 4254 1405 4307 l.

314 4337 350 4404 (t)
365 4337 401 4390 De
412 4337 562 4403 necaretur
575 4337 593 4388 l.
605 4335 626 4398 l,
638 4347 661 4391 e.
673 4333 699 4399 t,
713 4349 740 4400 q.
756 4333 781 4387 t.
797 4349 823 4389 n.
841 4336 923 4391 tata.
