<?xml version="1.0" encoding="UTF-8"?>
<!DOCTYPE html PUBLIC "-//W3C//DTD XHTML 1.0 Transitional//EN"
    "http://www.w3.org/TR/xhtml1/DTD/xhtml1-transitional.dtd">
<html xmlns="http://www.w3.org/1999/xhtml" xml:lang="en" lang="en">
 <head>
  <title>
</title>
<meta http-equiv="Content-Type" content="text/html;charset=utf-8" />
  <meta name='ocr-system' content='tesseract 3.04.00' />
  <meta name='ocr-capabilities' content='ocr_page ocr_carea ocr_par ocr_line ocrx_word'/>
</head>
<body>
  <div class='ocr_page' id='page_1' title='image "./introductioinsa00lamygoog/introductioinsa00lamygoog_0350.png"; bbox 0 0 3168 4948; ppageno 0'>
   <div class='ocr_carea' id='block_1_1' title="bbox 298 294 1351 362">
    <p class='ocr_par' dir='ltr' id='par_1_1' title="bbox 298 294 1351 362">
     <span class='ocr_line' id='line_1_1' title="bbox 298 294 1351 362; baseline 0.003 -8"><span class='ocrx_word' id='word_1_1' title='bbox 298 305 301 309; x_wconf 88' lang='grc'><strong>’</strong></span> <span class='ocrx_word' id='word_1_2' title='bbox 331 312 407 355; x_wconf 81' lang='lat' dir='ltr'><strong>rans</strong></span> <span class='ocrx_word' id='word_1_3' title='bbox 420 312 455 354; x_wconf 87' lang='grc' dir='ltr'><strong>ιι.</strong></span> <span class='ocrx_word' id='word_1_4' title='bbox 468 312 563 354; x_wconf 77' lang='lat' dir='ltr'><strong>carus</strong></span> <span class='ocrx_word' id='word_1_5' title='bbox 578 314 609 355; x_wconf 74' lang='grc' dir='ltr'><strong>ι,</strong></span> <span class='ocrx_word' id='word_1_6' title='bbox 623 313 662 353; x_wconf 83' lang='lat' dir='ltr'><strong>na</strong></span> <span class='ocrx_word' id='word_1_7' title='bbox 674 312 908 362; x_wconf 76' lang='lat' dir='ltr'><strong>ouaruosnscru</strong></span> <span class='ocrx_word' id='word_1_8' title='bbox 923 315 949 356; x_wconf 87' lang='lat' dir='ltr'><strong>s.</strong></span> <span class='ocrx_word' id='word_1_9' title='bbox 970 314 1058 355; x_wconf 79' lang='lat' dir='ltr'><strong>raum</strong></span> <span class='ocrx_word' id='word_1_10' title='bbox 1075 313 1233 356; x_wconf 83' lang='lat' dir='ltr'><strong>urrsroms.</strong></span> <span class='ocrx_word' id='word_1_11' title='bbox 1292 294 1351 357; x_wconf 73' lang='lat'><strong>541</strong></span> 
     </span>
    </p>
   </div>
   <div class='ocr_carea' id='block_1_2' title="bbox 1 409 1582 3895">
    <p class='ocr_par' dir='ltr' id='par_1_2' title="bbox 1 409 1582 3895">
     <span class='ocr_line' id='line_1_2' title="bbox 158 409 1465 497; baseline 0.001 -24"><span class='ocrx_word' id='word_1_12' title='bbox 158 426 159 429; x_wconf 73' lang='grc'>’</span> <span class='ocrx_word' id='word_1_13' title='bbox 220 431 288 473; x_wconf 89' lang='lat' dir='ltr'><strong>esse</strong></span> <span class='ocrx_word' id='word_1_14' title='bbox 305 410 481 474; x_wconf 89' lang='lat' dir='ltr'><strong>multorum</strong></span> <span class='ocrx_word' id='word_1_15' title='bbox 505 409 675 473; x_wconf 90' lang='lat' dir='ltr'><strong>criminum</strong></span> <span class='ocrx_word' id='word_1_16' title='bbox 693 430 804 473; x_wconf 89' lang='lat' dir='ltr'><strong>eoram</strong></span> <span class='ocrx_word' id='word_1_17' title='bbox 826 412 894 474; x_wconf 88' lang='lat' dir='ltr'><strong>Deo</strong></span> <span class='ocrx_word' id='word_1_18' title='bbox 912 411 953 497; x_wconf 89' lang='lat' dir='ltr'><strong>(l,</strong></span> <span class='ocrx_word' id='word_1_19' title='bbox 974 410 1095 492; x_wconf 81' lang='grc'><strong>18-111,</strong></span> <span class='ocrx_word' id='word_1_20' title='bbox 1116 411 1183 489; x_wconf 64' lang='lat'><strong>192,</strong></span> <span class='ocrx_word' id='word_1_21' title='bbox 1207 410 1274 473; x_wconf 83' lang='lat' dir='ltr'><strong>sieri</strong></span> <span class='ocrx_word' id='word_1_22' title='bbox 1292 432 1356 474; x_wconf 93' lang='lat' dir='ltr'><strong>non</strong></span> <span class='ocrx_word' id='word_1_23' title='bbox 1462 427 1465 431; x_wconf 87' lang='grc'><strong><em>·</em></strong></span> 
     </span>
     <span class='ocr_line' id='line_1_3' title="bbox 147 512 1356 599; baseline 0.001 -24"><span class='ocrx_word' id='word_1_24' title='bbox 147 586 150 590; x_wconf 37' lang='grc'><strong>,</strong></span> <span class='ocrx_word' id='word_1_25' title='bbox 220 532 312 596; x_wconf 88' lang='lat' dir='ltr'><strong>posse</strong></span> <span class='ocrx_word' id='word_1_26' title='bbox 333 512 367 575; x_wconf 89' lang='lat' dir='ltr'><strong>ut</strong></span> <span class='ocrx_word' id='word_1_27' title='bbox 389 512 461 596; x_wconf 92' lang='lat' dir='ltr'><strong>quis</strong></span> <span class='ocrx_word' id='word_1_28' title='bbox 478 534 519 576; x_wconf 87' lang='lat' dir='ltr'><strong>ex</strong></span> <span class='ocrx_word' id='word_1_29' title='bbox 536 512 687 596; x_wconf 80' lang='lat' dir='ltr'>operibus</span> <span class='ocrx_word' id='word_1_30' title='bbox 708 513 787 596; x_wconf 91' lang='lat' dir='ltr'><strong>legis</strong></span> <span class='ocrx_word' id='word_1_31' title='bbox 810 514 968 596; x_wconf 84' lang='lat' dir='ltr'><strong>Mosaieae,</strong></span> <span class='ocrx_word' id='word_1_32' title='bbox 985 535 1050 599; x_wconf 88' lang='lat' dir='ltr'><strong>qua</strong></span> <span class='ocrx_word' id='word_1_33' title='bbox 1067 514 1149 596; x_wconf 83' lang='lat' dir='ltr'><strong>talis,</strong></span> <span class='ocrx_word' id='word_1_34' title='bbox 1163 512 1356 598; x_wconf 84' lang='lat' dir='ltr'><strong>justificetur</strong></span> 
     </span>
     <span class='ocr_line' id='line_1_4' title="bbox 220 611 1354 699; baseline -0.001 -22"><span class='ocrx_word' id='word_1_35' title='bbox 220 633 330 677; x_wconf 90' lang='lat' dir='ltr'><strong>coram</strong></span> <span class='ocrx_word' id='word_1_36' title='bbox 350 613 431 696; x_wconf 89' lang='lat' dir='ltr'><strong>Deo,</strong></span> <span class='ocrx_word' id='word_1_37' title='bbox 458 611 514 676; x_wconf 90' lang='lat' dir='ltr'><strong>scd</strong></span> <span class='ocrx_word' id='word_1_38' title='bbox 528 612 789 698; x_wconf 84' lang='lat' dir='ltr'><strong>justificationem</strong></span> <span class='ocrx_word' id='word_1_39' title='bbox 814 635 882 678; x_wconf 87' lang='lat' dir='ltr'><strong>esse</strong></span> <span class='ocrx_word' id='word_1_40' title='bbox 899 613 1020 678; x_wconf 92' lang='lat' dir='ltr'><strong>donum</strong></span> <span class='ocrx_word' id='word_1_41' title='bbox 1041 614 1098 677; x_wconf 87' lang='lat' dir='ltr'><strong>Dei</strong></span> <span class='ocrx_word' id='word_1_42' title='bbox 1125 634 1255 699; x_wconf 86' lang='lat' dir='ltr'><strong>prorsus</strong></span> <span class='ocrx_word' id='word_1_43' title='bbox 1275 633 1354 698; x_wconf 86' lang='lat' dir='ltr'><strong>gra-</strong></span> 
     </span>
     <span class='ocr_line' id='line_1_5' title="bbox 220 714 1352 803; baseline 0.001 -25"><span class='ocrx_word' id='word_1_44' title='bbox 220 716 349 803; x_wconf 89' lang='lat' dir='ltr'><strong>tuitum,</strong></span> <span class='ocrx_word' id='word_1_45' title='bbox 374 715 525 779; x_wconf 90' lang='lat' dir='ltr'><strong>omuibus</strong></span> <span class='ocrx_word' id='word_1_46' title='bbox 549 716 616 779; x_wconf 90' lang='lat' dir='ltr'><strong>sine</strong></span> <span class='ocrx_word' id='word_1_47' title='bbox 636 714 820 779; x_wconf 88' lang='lat' dir='ltr'><strong>discrimine</strong></span> <span class='ocrx_word' id='word_1_48' title='bbox 843 716 997 779; x_wconf 68' lang='lat' dir='ltr'><strong>oblatum,</strong></span> <span class='ocrx_word' id='word_1_49' title='bbox 1010 717 1238 800; x_wconf 79' lang='lat' dir='ltr'><strong>hominemque</strong></span> <span class='ocrx_word' id='word_1_50' title='bbox 1253 716 1352 800; x_wconf 85' lang='lat' dir='ltr'><strong>justi-</strong></span> 
     </span>
     <span class='ocr_line' id='line_1_6' title="bbox 133 816 1352 912; baseline 0.001 -31"><span class='ocrx_word' id='word_1_51' title='bbox 133 899 137 912; x_wconf 30' lang='grc' dir='ltr'><strong><em>Ι</em></strong></span> <span class='ocrx_word' id='word_1_52' title='bbox 220 816 310 882; x_wconf 83' lang='lat' dir='ltr'><strong>ficari</strong></span> <span class='ocrx_word' id='word_1_53' title='bbox 330 839 389 903; x_wconf 89' lang='lat' dir='ltr'><strong>per</strong></span> <span class='ocrx_word' id='word_1_54' title='bbox 414 816 523 900; x_wconf 88' lang='lat' dir='ltr'><strong>iidem,</strong></span> <span class='ocrx_word' id='word_1_55' title='bbox 546 818 635 881; x_wconf 93' lang='lat' dir='ltr'><strong>nullo</strong></span> <span class='ocrx_word' id='word_1_56' title='bbox 664 818 773 882; x_wconf 91' lang='lat' dir='ltr'><strong>habito</strong></span> <span class='ocrx_word' id='word_1_57' title='bbox 802 839 936 902; x_wconf 91' lang='lat' dir='ltr'><strong>operum</strong></span> <span class='ocrx_word' id='word_1_58' title='bbox 964 828 1112 904; x_wconf 88' lang='lat' dir='ltr'><strong>respectu</strong></span> <span class='ocrx_word' id='word_1_59' title='bbox 1130 819 1200 903; x_wconf 82' lang='grc' dir='ltr'>(ΙΙΙ,</span> <span class='ocrx_word' id='word_1_60' title='bbox 1220 818 1352 901; x_wconf 82' lang='lat'>19-50).</span> 
     </span>
     <span class='ocr_line' id='line_1_7' title="bbox 220 918 1353 1007; baseline -0.001 -22"><span class='ocrx_word' id='word_1_61' title='bbox 220 918 315 1002; x_wconf 79' lang='lat' dir='ltr'><strong>Quod</strong></span> <span class='ocrx_word' id='word_1_62' title='bbox 331 941 405 985; x_wconf 92' lang='lat' dir='ltr'><strong>eum</strong></span> <span class='ocrx_word' id='word_1_63' title='bbox 423 920 593 1004; x_wconf 79' lang='lat' dir='ltr'><strong>seripturis</strong></span> <span class='ocrx_word' id='word_1_64' title='bbox 609 921 788 985; x_wconf 88' lang='lat' dir='ltr'><strong>consentire</strong></span> <span class='ocrx_word' id='word_1_65' title='bbox 803 921 920 1006; x_wconf 89' lang='lat' dir='ltr'><strong>prohat</strong></span> <span class='ocrx_word' id='word_1_66' title='bbox 944 920 1028 1007; x_wconf 81' lang='lat' dir='ltr'><strong>(lv).</strong></span> <span class='ocrx_word' id='word_1_67' title='bbox 1046 922 1146 985; x_wconf 87' lang='lat' dir='ltr'><strong>Docet</strong></span> <span class='ocrx_word' id='word_1_68' title='bbox 1165 919 1282 984; x_wconf 89' lang='lat' dir='ltr'><strong>deinde</strong></span> <span class='ocrx_word' id='word_1_69' title='bbox 1293 920 1353 1006; x_wconf 87' lang='lat' dir='ltr'><strong>ju-</strong></span> 
     </span>
     <span class='ocr_line' id='line_1_8' title="bbox 221 1022 1354 1109; baseline -0.001 -22"><span class='ocrx_word' id='word_1_70' title='bbox 221 1023 369 1102; x_wconf 74' lang='lat' dir='ltr'><strong>stificatos</strong></span> <span class='ocrx_word' id='word_1_71' title='bbox 386 1045 451 1087; x_wconf 90' lang='lat' dir='ltr'><strong>non</strong></span> <span class='ocrx_word' id='word_1_72' title='bbox 476 1024 615 1107; x_wconf 81' lang='lat' dir='ltr'><strong>emplius</strong></span> <span class='ocrx_word' id='word_1_73' title='bbox 635 1024 690 1086; x_wconf 74' lang='lat' dir='ltr'><strong>ire</strong></span> <span class='ocrx_word' id='word_1_74' title='bbox 713 1022 829 1087; x_wconf 80' lang='lat' dir='ltr'><strong>divinae</strong></span> <span class='ocrx_word' id='word_1_75' title='bbox 853 1023 1019 1108; x_wconf 90' lang='lat' dir='ltr'><strong>obnoxios,</strong></span> <span class='ocrx_word' id='word_1_76' title='bbox 1042 1023 1098 1087; x_wconf 91' lang='lat' dir='ltr'><strong>sed</strong></span> <span class='ocrx_word' id='word_1_77' title='bbox 1121 1045 1180 1109; x_wconf 90' lang='lat' dir='ltr'><strong>per</strong></span> <span class='ocrx_word' id='word_1_78' title='bbox 1195 1023 1354 1088; x_wconf 86' lang='lat' dir='ltr'><strong>Christum</strong></span> 
     </span>
     <span class='ocr_line' id='line_1_9' title="bbox 221 1125 1356 1213; baseline 0.001 -23"><span class='ocrx_word' id='word_1_79' title='bbox 221 1128 303 1192; x_wconf 89' lang='lat' dir='ltr'><strong>filios</strong></span> <span class='ocrx_word' id='word_1_80' title='bbox 326 1127 384 1191; x_wconf 87' lang='lat' dir='ltr'><strong>Dei</strong></span> <span class='ocrx_word' id='word_1_81' title='bbox 408 1125 577 1211; x_wconf 85' lang='lat' dir='ltr'><strong>adoptivos</strong></span> <span class='ocrx_word' id='word_1_82' title='bbox 596 1126 749 1210; x_wconf 79' lang='lat' dir='ltr'><strong>effectos,</strong></span> <span class='ocrx_word' id='word_1_83' title='bbox 776 1135 872 1213; x_wconf 91' lang='lat' dir='ltr'><strong>atque</strong></span> <span class='ocrx_word' id='word_1_84' title='bbox 896 1127 1033 1212; x_wconf 80' lang='lat' dir='ltr'><strong>Spiritus</strong></span> <span class='ocrx_word' id='word_1_85' title='bbox 1053 1127 1153 1191; x_wconf 85' lang='lat' dir='ltr'><strong>sancti</strong></span> <span class='ocrx_word' id='word_1_86' title='bbox 1183 1127 1356 1211; x_wconf 76' lang='lat' dir='ltr'><strong>participes</strong></span> 
     </span>
     <span class='ocr_line' id='line_1_10' title="bbox 221 1227 1352 1315; baseline -0.002 -21"><span class='ocrx_word' id='word_1_87' title='bbox 221 1230 317 1294; x_wconf 87' lang='lat' dir='ltr'><strong>etiam</strong></span> <span class='ocrx_word' id='word_1_88' title='bbox 337 1228 378 1293; x_wconf 90' lang='lat' dir='ltr'><strong>de</strong></span> <span class='ocrx_word' id='word_1_89' title='bbox 403 1227 628 1293; x_wconf 85' lang='lat' dir='ltr'><strong>afflictionibus</strong></span> <span class='ocrx_word' id='word_1_90' title='bbox 653 1230 753 1293; x_wconf 70' lang='lat' dir='ltr'><strong>letari</strong></span> <span class='ocrx_word' id='word_1_91' title='bbox 779 1230 813 1292; x_wconf 94' lang='lat' dir='ltr'><strong>in</strong></span> <span class='ocrx_word' id='word_1_92' title='bbox 837 1250 893 1315; x_wconf 91' lang='lat' dir='ltr'><strong>spe</strong></span> <span class='ocrx_word' id='word_1_93' title='bbox 913 1228 1095 1294; x_wconf 84' lang='lat' dir='ltr'><strong>obtinendae</strong></span> <span class='ocrx_word' id='word_1_94' title='bbox 1119 1230 1190 1294; x_wconf 83' lang='lat' dir='ltr'><strong>vitae</strong></span> <span class='ocrx_word' id='word_1_95' title='bbox 1215 1239 1352 1312; x_wconf 70' lang='lat' dir='ltr'><strong>aeterna’,</strong></span> 
     </span>
     <span class='ocr_line' id='line_1_11' title="bbox 221 1330 1353 1418; baseline 0.001 -23"><span class='ocrx_word' id='word_1_96' title='bbox 221 1330 309 1417; x_wconf 92' lang='lat' dir='ltr'><strong>quod</strong></span> <span class='ocrx_word' id='word_1_97' title='bbox 326 1331 428 1416; x_wconf 86' lang='lat' dir='ltr'><strong>magis</strong></span> <span class='ocrx_word' id='word_1_98' title='bbox 452 1332 591 1416; x_wconf 85' lang='lat' dir='ltr'><strong>explieat</strong></span> <span class='ocrx_word' id='word_1_99' title='bbox 607 1332 747 1396; x_wconf 87' lang='lat' dir='ltr'><strong>instituta</strong></span> <span class='ocrx_word' id='word_1_100' title='bbox 762 1335 1004 1417; x_wconf 85' lang='lat' dir='ltr'><strong>comparatione</strong></span> <span class='ocrx_word' id='word_1_101' title='bbox 1019 1334 1103 1397; x_wconf 88' lang='lat' dir='ltr'><strong>inter</strong></span> <span class='ocrx_word' id='word_1_102' title='bbox 1120 1331 1282 1396; x_wconf 80' lang='lat' dir='ltr'><strong>Adamnm</strong></span> <span class='ocrx_word' id='word_1_103' title='bbox 1299 1335 1353 1418; x_wconf 93' lang='lat' dir='ltr'><strong>qui</strong></span> 
     </span>
     <span class='ocr_line' id='line_1_12' title="bbox 221 1434 1354 1523; baseline 0 -25"><span class='ocrx_word' id='word_1_104' title='bbox 221 1443 353 1523; x_wconf 83' lang='lat' dir='ltr'><strong>peccato</strong></span> <span class='ocrx_word' id='word_1_105' title='bbox 375 1443 478 1497; x_wconf 89' lang='lat' dir='ltr'><strong>totum</strong></span> <span class='ocrx_word' id='word_1_106' title='bbox 501 1455 604 1519; x_wconf 88' lang='lat' dir='ltr'><strong>genus</strong></span> <span class='ocrx_word' id='word_1_107' title='bbox 626 1435 806 1498; x_wconf 81' lang='lat' dir='ltr'><strong>humanum</strong></span> <span class='ocrx_word' id='word_1_108' title='bbox 829 1434 976 1522; x_wconf 89' lang='lat' dir='ltr'><strong>subjecit,</strong></span> <span class='ocrx_word' id='word_1_109' title='bbox 997 1445 1029 1499; x_wconf 90' lang='lat' dir='ltr'><strong>et</strong></span> <span class='ocrx_word' id='word_1_110' title='bbox 1044 1436 1203 1500; x_wconf 88' lang='lat' dir='ltr'><strong>Christum</strong></span> <span class='ocrx_word' id='word_1_111' title='bbox 1221 1437 1277 1520; x_wconf 91' lang='lat' dir='ltr'><strong>qui</strong></span> <span class='ocrx_word' id='word_1_112' title='bbox 1295 1457 1354 1520; x_wconf 91' lang='lat' dir='ltr'><strong>per</strong></span> 
     </span>
     <span class='ocr_line' id='line_1_13' title="bbox 9 1525 1352 1624; baseline 0.002 -25"><span class='ocrx_word' id='word_1_113' title='bbox 9 1525 27 1570; x_wconf 36' lang='lat'><strong>⁵·</strong></span> <span class='ocrx_word' id='word_1_114' title='bbox 97 1539 102 1576; x_wconf 70' lang='grc' dir='ltr'><em>Γ</em></span> <span class='ocrx_word' id='word_1_115' title='bbox 221 1538 357 1621; x_wconf 89' lang='lat' dir='ltr'><strong>gratiam</strong></span> <span class='ocrx_word' id='word_1_116' title='bbox 373 1557 465 1599; x_wconf 89' lang='lat' dir='ltr'><strong>suam</strong></span> <span class='ocrx_word' id='word_1_117' title='bbox 481 1545 650 1622; x_wconf 89' lang='lat' dir='ltr'><strong>peecatum</strong></span> <span class='ocrx_word' id='word_1_118' title='bbox 663 1535 744 1600; x_wconf 93' lang='lat' dir='ltr'><strong>illud</strong></span> <span class='ocrx_word' id='word_1_119' title='bbox 756 1537 886 1601; x_wconf 89' lang='lat' dir='ltr'><strong>abstulit</strong></span> <span class='ocrx_word' id='word_1_120' title='bbox 902 1538 970 1624; x_wconf 86' lang='lat' dir='ltr'><strong>(V).</strong></span> <span class='ocrx_word' id='word_1_121' title='bbox 987 1539 1140 1602; x_wconf 87' lang='lat' dir='ltr'><strong>Hortatur</strong></span> <span class='ocrx_word' id='word_1_122' title='bbox 1153 1560 1250 1622; x_wconf 92' lang='lat' dir='ltr'><strong>porro</strong></span> <span class='ocrx_word' id='word_1_123' title='bbox 1266 1539 1352 1602; x_wconf 89' lang='lat' dir='ltr'><strong>ebri-</strong></span> 
     </span>
     <span class='ocr_line' id='line_1_14' title="bbox 221 1633 1354 1729; baseline 0.003 -28"><span class='ocrx_word' id='word_1_124' title='bbox 221 1640 349 1729; x_wconf 83' lang='lat' dir='ltr'><strong>stianos,</strong></span> <span class='ocrx_word' id='word_1_125' title='bbox 372 1659 473 1724; x_wconf 91' lang='lat' dir='ltr'><strong>quum</strong></span> <span class='ocrx_word' id='word_1_126' title='bbox 500 1633 558 1723; x_wconf 90' lang='lat' dir='ltr'><strong>per</strong></span> <span class='ocrx_word' id='word_1_127' title='bbox 580 1638 841 1726; x_wconf 80' lang='lat' dir='ltr'><strong>justificationem</strong></span> <span class='ocrx_word' id='word_1_128' title='bbox 867 1661 886 1704; x_wconf 93' lang='lat' dir='ltr'><strong>a</strong></span> <span class='ocrx_word' id='word_1_129' title='bbox 907 1649 1039 1724; x_wconf 88' lang='lat' dir='ltr'><strong>peccato</strong></span> <span class='ocrx_word' id='word_1_130' title='bbox 1057 1638 1204 1704; x_wconf 88' lang='lat' dir='ltr'><strong>mundati</strong></span> <span class='ocrx_word' id='word_1_131' title='bbox 1226 1640 1298 1724; x_wconf 88' lang='lat' dir='ltr'><strong>sint,</strong></span> <span class='ocrx_word' id='word_1_132' title='bbox 1319 1652 1354 1704; x_wconf 91' lang='lat' dir='ltr'><strong>ut</strong></span> 
     </span>
     <span class='ocr_line' id='line_1_15' title="bbox 222 1740 1435 1828; baseline 0.001 -24"><span class='ocrx_word' id='word_1_133' title='bbox 222 1751 328 1805; x_wconf 89' lang='lat' dir='ltr'><strong>sancte</strong></span> <span class='ocrx_word' id='word_1_134' title='bbox 343 1741 452 1805; x_wconf 81' lang='lat' dir='ltr'><strong>vivent</strong></span> <span class='ocrx_word' id='word_1_135' title='bbox 464 1741 535 1826; x_wconf 85' lang='lat' dir='ltr'><strong>(Vt)</strong></span> <span class='ocrx_word' id='word_1_136' title='bbox 548 1750 580 1804; x_wconf 89' lang='lat' dir='ltr'><strong>et</strong></span> <span class='ocrx_word' id='word_1_137' title='bbox 591 1742 716 1805; x_wconf 92' lang='lat' dir='ltr'><strong>animos</strong></span> <span class='ocrx_word' id='word_1_138' title='bbox 727 1742 788 1804; x_wconf 91' lang='lat' dir='ltr'><strong>illis</strong></span> <span class='ocrx_word' id='word_1_139' title='bbox 802 1740 892 1806; x_wconf 90' lang='lat' dir='ltr'><strong>addit</strong></span> <span class='ocrx_word' id='word_1_140' title='bbox 905 1740 1054 1808; x_wconf 88' lang='lat' dir='ltr'><strong>docendo</strong></span> <span class='ocrx_word' id='word_1_141' title='bbox 1069 1764 1124 1806; x_wconf 90' lang='lat' dir='ltr'><strong>eos</strong></span> <span class='ocrx_word' id='word_1_142' title='bbox 1135 1764 1200 1806; x_wconf 91' lang='lat' dir='ltr'><strong>non</strong></span> <span class='ocrx_word' id='word_1_143' title='bbox 1217 1744 1355 1828; x_wconf 92' lang='lat' dir='ltr'><strong>amplius</strong></span> <span class='ocrx_word' id='word_1_144' title='bbox 1429 1744 1435 1751; x_wconf 73' lang='grc'><em>’</em></span> 
     </span>
     <span class='ocr_line' id='line_1_16' title="bbox 222 1842 1538 1932; baseline 0 -25"><span class='ocrx_word' id='word_1_145' title='bbox 222 1864 289 1907; x_wconf 89' lang='lat' dir='ltr'><strong>esse</strong></span> <span class='ocrx_word' id='word_1_146' title='bbox 302 1842 362 1931; x_wconf 89' lang='lat' dir='ltr'><strong>sub</strong></span> <span class='ocrx_word' id='word_1_147' title='bbox 378 1844 449 1928; x_wconf 89' lang='lat' dir='ltr'><strong>lege</strong></span> <span class='ocrx_word' id='word_1_148' title='bbox 468 1844 565 1929; x_wconf 80' lang='lat' dir='ltr'><strong>Moysi</strong></span> <span class='ocrx_word' id='word_1_149' title='bbox 578 1843 666 1929; x_wconf 87' lang='lat' dir='ltr'><strong>(Vll)</strong></span> <span class='ocrx_word' id='word_1_150' title='bbox 679 1843 735 1907; x_wconf 92' lang='lat' dir='ltr'><strong>sed</strong></span> <span class='ocrx_word' id='word_1_151' title='bbox 751 1843 812 1908; x_wconf 94' lang='lat' dir='ltr'><strong>sub</strong></span> <span class='ocrx_word' id='word_1_152' title='bbox 828 1846 929 1930; x_wconf 87' lang='lat' dir='ltr'><strong>gratia</strong></span> <span class='ocrx_word' id='word_1_153' title='bbox 947 1845 1063 1930; x_wconf 85' lang='lat' dir='ltr'><strong>(Vlll).</strong></span> <span class='ocrx_word' id='word_1_154' title='bbox 1285 1898 1292 1911; x_wconf 83' lang='grc'>,</span> <span class='ocrx_word' id='word_1_155' title='bbox 1451 1926 1455 1932; x_wconf 89' lang='lat'>.</span> <span class='ocrx_word' id='word_1_156' title='bbox 1535 1902 1538 1907; x_wconf 23' lang='lat'><strong>⁴</strong></span> 
     </span>
     <span class='ocr_line' id='line_1_17' title="bbox 264 1895 1555 2036; baseline 0.001 -28"><span class='ocrx_word' id='word_1_157' title='bbox 264 1946 297 2008; x_wconf 80' lang='lat'><strong>4.</strong></span> <span class='ocrx_word' id='word_1_158' title='bbox 313 1943 483 2036; x_wconf 77' lang='lat' dir='ltr'><strong>[Absoluta</strong></span> <span class='ocrx_word' id='word_1_159' title='bbox 501 1966 558 2009; x_wconf 92' lang='lat' dir='ltr'><strong>suo</strong></span> <span class='ocrx_word' id='word_1_160' title='bbox 578 1946 720 2009; x_wconf 79' lang='lat' dir='ltr'><strong>themate</strong></span> <span class='ocrx_word' id='word_1_161' title='bbox 739 1944 781 2010; x_wconf 85' lang='lat' dir='ltr'><strong>de</strong></span> <span class='ocrx_word' id='word_1_162' title='bbox 800 1946 938 2031; x_wconf 86' lang='lat' dir='ltr'><strong>gratuita</strong></span> <span class='ocrx_word' id='word_1_163' title='bbox 957 1946 1097 2010; x_wconf 91' lang='lat' dir='ltr'><strong>hominis</strong></span> <span class='ocrx_word' id='word_1_164' title='bbox 1110 1945 1360 2033; x_wconf 74' lang='lat' dir='ltr'><strong>justificatione,</strong></span> <span class='ocrx_word' id='word_1_165' title='bbox 1386 1895 1497 2018; x_wconf 61' lang='lat' dir='ltr'><strong>addi.</strong></span> <span class='ocrx_word' id='word_1_166' title='bbox 1529 1940 1555 1987; x_wconf 45' lang='grc' dir='ltr'><strong>Ὁ·</strong></span> 
     </span>
     <span class='ocr_line' id='line_1_18' title="bbox 211 2045 1352 2134; baseline -0.005 -17"><span class='ocrx_word' id='word_1_167' title='bbox 211 2047 393 2133; x_wconf 71' lang='lat' dir='ltr'><strong>Apostolus</strong></span> <span class='ocrx_word' id='word_1_168' title='bbox 406 2045 557 2134; x_wconf 85' lang='lat' dir='ltr'><strong>deinceps</strong></span> <span class='ocrx_word' id='word_1_169' title='bbox 573 2049 731 2133; x_wconf 85' lang='lat' dir='ltr'><strong>capitibus</strong></span> <span class='ocrx_word' id='word_1_170' title='bbox 745 2047 848 2113; x_wconf 86' lang='lat' dir='ltr'><strong>tribus</strong></span> <span class='ocrx_word' id='word_1_171' title='bbox 863 2049 1103 2134; x_wconf 86' lang='lat' dir='ltr'><strong>insequentibus</strong></span> <span class='ocrx_word' id='word_1_172' title='bbox 1114 2048 1250 2133; x_wconf 82' lang='lat' dir='ltr'><strong>(tx-xl)</strong></span> <span class='ocrx_word' id='word_1_173' title='bbox 1264 2069 1352 2134; x_wconf 64' lang='lat' dir='ltr'><strong>quae-</strong></span> 
     </span>
     <span class='ocr_line' id='line_1_19' title="bbox 116 2151 1351 2237; baseline -0.001 -23"><span class='ocrx_word' id='word_1_174' title='bbox 116 2158 119 2163; x_wconf 85' lang='lat'>&#39;</span> <span class='ocrx_word' id='word_1_175' title='bbox 222 2151 358 2215; x_wconf 89' lang='lat' dir='ltr'><strong>stionem</strong></span> <span class='ocrx_word' id='word_1_176' title='bbox 369 2159 484 2215; x_wconf 84' lang='lat' dir='ltr'><strong>tractat</strong></span> <span class='ocrx_word' id='word_1_177' title='bbox 495 2172 569 2215; x_wconf 90' lang='lat' dir='ltr'><strong>eum</strong></span> <span class='ocrx_word' id='word_1_178' title='bbox 585 2153 738 2237; x_wconf 89' lang='lat' dir='ltr'><strong>primario</strong></span> <span class='ocrx_word' id='word_1_179' title='bbox 751 2152 807 2214; x_wconf 89' lang='lat' dir='ltr'><strong>illo</strong></span> <span class='ocrx_word' id='word_1_180' title='bbox 820 2153 962 2216; x_wconf 90' lang='lat' dir='ltr'><strong>themate</strong></span> <span class='ocrx_word' id='word_1_181' title='bbox 974 2153 1049 2216; x_wconf 84' lang='lat' dir='ltr'><strong>satis</strong></span> <span class='ocrx_word' id='word_1_182' title='bbox 1060 2160 1148 2216; x_wconf 89' lang='lat' dir='ltr'><strong>arcte</strong></span> <span class='ocrx_word' id='word_1_183' title='bbox 1161 2171 1336 2215; x_wconf 87' lang='lat' dir='ltr'><strong>connexam</strong></span> <span class='ocrx_word' id='word_1_184' title='bbox 1341 2175 1351 2233; x_wconf 90' lang='lat'>;</span> 
     </span>
     <span class='ocr_line' id='line_1_20' title="bbox 195 2246 1350 2339; baseline 0 -23"><span class='ocrx_word' id='word_1_185' title='bbox 195 2246 197 2250; x_wconf 44' lang='lat'>&#39;</span> <span class='ocrx_word' id='word_1_186' title='bbox 222 2253 287 2339; x_wconf 86' lang='lat' dir='ltr'><strong>agit</strong></span> <span class='ocrx_word' id='word_1_187' title='bbox 303 2253 421 2317; x_wconf 90' lang='lat' dir='ltr'><strong>scilieet</strong></span> <span class='ocrx_word' id='word_1_188' title='bbox 438 2250 478 2316; x_wconf 92' lang='lat' dir='ltr'><strong>de</strong></span> <span class='ocrx_word' id='word_1_189' title='bbox 490 2254 723 2338; x_wconf 91' lang='lat' dir='ltr'><strong>plerorumque</strong></span> <span class='ocrx_word' id='word_1_190' title='bbox 738 2252 936 2337; x_wconf 80' lang='lat' dir='ltr'><strong>Judaeorum,</strong></span> <span class='ocrx_word' id='word_1_191' title='bbox 956 2264 1190 2318; x_wconf 83' lang='lat' dir='ltr'><strong>coaetaneorum</strong></span> <span class='ocrx_word' id='word_1_192' title='bbox 1206 2274 1350 2335; x_wconf 91' lang='lat' dir='ltr'><strong>suorum,</strong></span> 
     </span>
     <span class='ocr_line' id='line_1_21' title="bbox 168 2339 1565 2459; baseline -0.003 -37"><span class='ocrx_word' id='word_1_193' title='bbox 168 2346 189 2459; x_wconf 52' lang='grc' dir='ltr'><em>ἑ</em></span> <span class='ocrx_word' id='word_1_194' title='bbox 222 2358 416 2422; x_wconf 87' lang='lat' dir='ltr'><strong>aMessiaua</strong></span> <span class='ocrx_word' id='word_1_195' title='bbox 440 2358 553 2440; x_wconf 87' lang='lat' dir='ltr'><strong>salute,</strong></span> <span class='ocrx_word' id='word_1_196' title='bbox 572 2359 629 2421; x_wconf 87' lang='lat' dir='ltr'><strong>seu</strong></span> <span class='ocrx_word' id='word_1_197' title='bbox 648 2357 917 2443; x_wconf 85' lang='lat' dir='ltr'><strong>ajustifieationis</strong></span> <span class='ocrx_word' id='word_1_198' title='bbox 933 2357 1047 2442; x_wconf 85' lang='lat' dir='ltr'><strong>gratia,</strong></span> <span class='ocrx_word' id='word_1_199' title='bbox 1071 2358 1253 2421; x_wconf 83' lang='lat' dir='ltr'><strong>exclusione</strong></span> <span class='ocrx_word' id='word_1_200' title='bbox 1266 2381 1277 2440; x_wconf 79' lang='lat'>3</span> <span class='ocrx_word' id='word_1_201' title='bbox 1301 2357 1352 2419; x_wconf 90' lang='lat' dir='ltr'><strong>eui</strong></span> <span class='ocrx_word' id='word_1_202' title='bbox 1427 2368 1431 2375; x_wconf 86' lang='lat'>&#39;</span> <span class='ocrx_word' id='word_1_203' title='bbox 1497 2339 1510 2367; x_wconf 66' lang='lat'><em>⁷</em></span> <span class='ocrx_word' id='word_1_204' title='bbox 1560 2416 1565 2436; x_wconf 61' lang='grc'><strong>,</strong></span> 
     </span>
     <span class='ocr_line' id='line_1_22' title="bbox 163 2457 1573 2544; baseline -0.002 -21"><span class='ocrx_word' id='word_1_205' title='bbox 163 2460 185 2543; x_wconf 62' lang='grc' dir='ltr'><strong>ξι</strong></span> <span class='ocrx_word' id='word_1_206' title='bbox 223 2459 396 2523; x_wconf 85' lang='lat' dir='ltr'><strong>exclusioni</strong></span> <span class='ocrx_word' id='word_1_207' title='bbox 415 2458 547 2522; x_wconf 90' lang='lat' dir='ltr'><strong>minime</strong></span> <span class='ocrx_word' id='word_1_208' title='bbox 563 2479 744 2544; x_wconf 86' lang='lat' dir='ltr'><strong>repugnare</strong></span> <span class='ocrx_word' id='word_1_209' title='bbox 761 2457 856 2522; x_wconf 90' lang='lat' dir='ltr'><strong>docet</strong></span> <span class='ocrx_word' id='word_1_210' title='bbox 876 2458 1119 2543; x_wconf 87' lang='lat' dir='ltr'><strong>promissionem</strong></span> <span class='ocrx_word' id='word_1_211' title='bbox 1139 2459 1197 2521; x_wconf 87' lang='lat' dir='ltr'><strong>Dei</strong></span> <span class='ocrx_word' id='word_1_212' title='bbox 1213 2457 1353 2521; x_wconf 78' lang='lat' dir='ltr'><strong>Abrshae</strong></span> <span class='ocrx_word' id='word_1_213' title='bbox 1390 2476 1476 2535; x_wconf 37' lang='lat'><strong>42„</strong></span> <span class='ocrx_word' id='word_1_214' title='bbox 1559 2498 1573 2535; x_wconf 67' lang='lat'><strong>„·</strong></span> 
     </span>
     <span class='ocr_line' id='line_1_23' title="bbox 155 2538 1563 2663; baseline -0.002 -36"><span class='ocrx_word' id='word_1_215' title='bbox 155 2546 177 2663; x_wconf 68' lang='lat' dir='ltr'><strong>{l</strong></span> <span class='ocrx_word' id='word_1_216' title='bbox 222 2564 340 2627; x_wconf 83' lang='lat' dir='ltr'><strong>laetam</strong></span> <span class='ocrx_word' id='word_1_217' title='bbox 366 2560 407 2626; x_wconf 92' lang='lat' dir='ltr'><strong>de</strong></span> <span class='ocrx_word' id='word_1_218' title='bbox 430 2563 531 2626; x_wconf 89' lang='lat' dir='ltr'><strong>salute</strong></span> <span class='ocrx_word' id='word_1_219' title='bbox 554 2584 612 2648; x_wconf 88' lang='lat' dir='ltr'><strong>per</strong></span> <span class='ocrx_word' id='word_1_220' title='bbox 634 2563 781 2626; x_wconf 87' lang='lat' dir='ltr'><strong>Messiam</strong></span> <span class='ocrx_word' id='word_1_221' title='bbox 813 2561 1010 2646; x_wconf 79' lang='lat' dir='ltr'><strong>obtinenda5</strong></span> <span class='ocrx_word' id='word_1_222' title='bbox 1048 2560 1190 2626; x_wconf 87' lang='lat' dir='ltr'><strong>declarat</strong></span> <span class='ocrx_word' id='word_1_223' title='bbox 1220 2538 1377 2641; x_wconf 58' lang='lat' dir='ltr'><strong>autem,⁴</strong></span> <span class='ocrx_word' id='word_1_224' title='bbox 1410 2614 1434 2639; x_wconf 53' lang='grc' dir='ltr'><em>Ν</em></span> <span class='ocrx_word' id='word_1_225' title='bbox 1514 2608 1523 2650; x_wconf 80' lang='lat'><strong>·,</strong></span> <span class='ocrx_word' id='word_1_226' title='bbox 1559 2640 1563 2655; x_wconf 82' lang='lat'><strong>.</strong></span> 
     </span>
     <span class='ocr_line' id='line_1_24' title="bbox 1 2631 1582 2762; baseline -0.002 -32"><span class='ocrx_word' id='word_1_227' title='bbox 1 2631 3 2706; x_wconf 76' lang='lat' dir='ltr'><strong>l</strong></span> <span class='ocrx_word' id='word_1_228' title='bbox 126 2670 169 2762; x_wconf 57' lang='grc' dir='ltr'>ξ</span> <span class='ocrx_word' id='word_1_229' title='bbox 223 2665 349 2740; x_wconf 82' lang='lat' dir='ltr'><strong>Judaeos</strong></span> <span class='ocrx_word' id='word_1_230' title='bbox 377 2665 449 2729; x_wconf 91' lang='lat' dir='ltr'><strong>ideo</strong></span> <span class='ocrx_word' id='word_1_231' title='bbox 473 2665 516 2730; x_wconf 86' lang='lat' dir='ltr'><strong>ab</strong></span> <span class='ocrx_word' id='word_1_232' title='bbox 539 2666 595 2729; x_wconf 93' lang='lat' dir='ltr'><strong>illa</strong></span> <span class='ocrx_word' id='word_1_233' title='bbox 619 2667 719 2730; x_wconf 90' lang='lat' dir='ltr'><strong>salute</strong></span> <span class='ocrx_word' id='word_1_234' title='bbox 743 2666 839 2730; x_wconf 86' lang='lat' dir='ltr'><strong>luisse</strong></span> <span class='ocrx_word' id='word_1_235' title='bbox 865 2666 1010 2729; x_wconf 90' lang='lat' dir='ltr'><strong>exclusos</strong></span> <span class='ocrx_word' id='word_1_236' title='bbox 1027 2714 1036 2748; x_wconf 94' lang='lat'><strong>,</strong></span> <span class='ocrx_word' id='word_1_237' title='bbox 1071 2665 1146 2750; x_wconf 82' lang='lat' dir='ltr'><strong>quin</strong></span> <span class='ocrx_word' id='word_1_238' title='bbox 1178 2664 1353 2748; x_wconf 83' lang='lat' dir='ltr'><strong>Evangelio</strong></span> <span class='ocrx_word' id='word_1_239' title='bbox 1401 2716 1460 2745; x_wconf 40' lang='lat' dir='ltr'><strong>,w</strong></span> <span class='ocrx_word' id='word_1_240' title='bbox 1546 2676 1582 2752; x_wconf 45' lang='grc' dir='ltr'><strong>,ᾗ</strong></span> 
     </span>
     <span class='ocr_line' id='line_1_25' title="bbox 1 2747 1570 2861; baseline -0.001 -30"><span class='ocrx_word' id='word_1_241' title='bbox 1 2755 2 2764; x_wconf 34' lang='lat'>¹</span> <span class='ocrx_word' id='word_1_242' title='bbox 122 2747 166 2843; x_wconf 41' lang='lat' dir='ltr'><strong>lx,</strong></span> <span class='ocrx_word' id='word_1_243' title='bbox 224 2767 355 2832; x_wconf 89' lang='lat' dir='ltr'><strong>credere</strong></span> <span class='ocrx_word' id='word_1_244' title='bbox 379 2789 491 2851; x_wconf 84' lang='lat' dir='ltr'><strong>recusa</strong></span> <span class='ocrx_word' id='word_1_245' title='bbox 508 2777 600 2852; x_wconf 81' lang='lat' dir='ltr'><strong>sent3</strong></span> <span class='ocrx_word' id='word_1_246' title='bbox 626 2789 665 2831; x_wconf 87' lang='lat' dir='ltr'><strong>ex</strong></span> <span class='ocrx_word' id='word_1_247' title='bbox 697 2789 762 2854; x_wconf 92' lang='lat' dir='ltr'><strong>quo</strong></span> <span class='ocrx_word' id='word_1_248' title='bbox 785 2777 894 2831; x_wconf 88' lang='lat' dir='ltr'><strong>tamen</strong></span> <span class='ocrx_word' id='word_1_249' title='bbox 916 2750 1011 2852; x_wconf 85' lang='lat' dir='ltr'><strong>negat</strong></span> <span class='ocrx_word' id='word_1_250' title='bbox 1037 2764 1253 2852; x_wconf 87' lang='lat' dir='ltr'><strong>colligendum</strong></span> <span class='ocrx_word' id='word_1_251' title='bbox 1285 2787 1353 2829; x_wconf 89' lang='lat' dir='ltr'><strong>esse</strong></span> <span class='ocrx_word' id='word_1_252' title='bbox 1495 2748 1570 2861; x_wconf 26' lang='lat' dir='ltr'><strong>&#39;ml&#39;</strong></span> 
     </span>
     <span class='ocr_line' id='line_1_26' title="bbox 139 2846 1538 2956; baseline -0.002 -24"><span class='ocrx_word' id='word_1_253' title='bbox 139 2846 159 2932; x_wconf 71' lang='lat' dir='ltr'><strong>d</strong></span> <span class='ocrx_word' id='word_1_254' title='bbox 199 2861 200 2864; x_wconf 46' lang='lat'>&#39;</span> <span class='ocrx_word' id='word_1_255' title='bbox 223 2870 432 2934; x_wconf 88' lang='lat' dir='ltr'><strong>Israeliticum</strong></span> <span class='ocrx_word' id='word_1_256' title='bbox 461 2870 630 2955; x_wconf 88' lang='lat' dir='ltr'><strong>populum,</strong></span> <span class='ocrx_word' id='word_1_257' title='bbox 651 2891 715 2956; x_wconf 88' lang='lat' dir='ltr'><strong>qua</strong></span> <span class='ocrx_word' id='word_1_258' title='bbox 731 2871 841 2951; x_wconf 87' lang='lat' dir='ltr'><strong>talem,</strong></span> <span class='ocrx_word' id='word_1_259' title='bbox 861 2870 988 2955; x_wconf 85' lang='lat' dir='ltr'><strong>penitus</strong></span> <span class='ocrx_word' id='word_1_260' title='bbox 1007 2889 1026 2931; x_wconf 91' lang='lat' dir='ltr'><strong>a</strong></span> <span class='ocrx_word' id='word_1_261' title='bbox 1050 2869 1118 2931; x_wconf 87' lang='lat' dir='ltr'><strong>Deo</strong></span> <span class='ocrx_word' id='word_1_262' title='bbox 1140 2868 1235 2930; x_wconf 87' lang='lat' dir='ltr'><strong>luisse</strong></span> <span class='ocrx_word' id='word_1_263' title='bbox 1258 2865 1353 2951; x_wconf 88' lang='lat' dir='ltr'><strong>ahjc·</strong></span> <span class='ocrx_word' id='word_1_264' title='bbox 1506 2866 1538 2887; x_wconf 81' lang='grc'><strong>’“</strong></span> 
     </span>
     <span class='ocr_line' id='line_1_27' title="bbox 130 2948 1353 3056; baseline -0.003 -20"><span class='ocrx_word' id='word_1_265' title='bbox 130 2948 173 3050; x_wconf 42' lang='grc' dir='ltr'>ὲ</span> <span class='ocrx_word' id='word_1_266' title='bbox 223 2981 321 3056; x_wconf 88' lang='lat' dir='ltr'><strong>etum,</strong></span> <span class='ocrx_word' id='word_1_267' title='bbox 336 2995 354 3036; x_wconf 93' lang='lat' dir='ltr'><strong>c</strong></span> <span class='ocrx_word' id='word_1_268' title='bbox 367 2957 629 3037; x_wconf 57' lang='lat' dir='ltr'><strong>eontra’affirmat</strong></span> <span class='ocrx_word' id='word_1_269' title='bbox 644 2975 788 3038; x_wconf 79' lang='lat' dir='ltr'><strong>futurum</strong></span> <span class='ocrx_word' id='word_1_270' title='bbox 801 2980 869 3038; x_wconf 82' lang='lat' dir='ltr'><strong>‘esse</strong></span> <span class='ocrx_word' id='word_1_271' title='bbox 883 2983 917 3036; x_wconf 91' lang='lat' dir='ltr'><strong>ut</strong></span> <span class='ocrx_word' id='word_1_272' title='bbox 929 2971 1102 3037; x_wconf 87' lang='lat' dir='ltr'><strong>Israelitica</strong></span> <span class='ocrx_word' id='word_1_273' title='bbox 1115 2991 1193 3056; x_wconf 87' lang='lat' dir='ltr'><strong>gens</strong></span> <span class='ocrx_word' id='word_1_274' title='bbox 1204 2971 1353 3034; x_wconf 85' lang='lat' dir='ltr'><strong>universa</strong></span> 
     </span>
     <span class='ocr_line' id='line_1_28' title="bbox 1 3062 1352 3163; baseline -0.003 -24"><span class='ocrx_word' id='word_1_275' title='bbox 1 3062 10 3159; x_wconf 44' lang='lat' dir='ltr'><strong>p*</strong></span> <span class='ocrx_word' id='word_1_276' title='bbox 222 3075 411 3141; x_wconf 87' lang='lat' dir='ltr'><strong>Messianam</strong></span> <span class='ocrx_word' id='word_1_277' title='bbox 424 3077 560 3139; x_wconf 90' lang='lat' dir='ltr'><strong>salutem</strong></span> <span class='ocrx_word' id='word_1_278' title='bbox 575 3079 755 3162; x_wconf 83' lang='lat' dir='ltr'><strong>participet,</strong></span> <span class='ocrx_word' id='word_1_279' title='bbox 771 3075 901 3163; x_wconf 91' lang='lat' dir='ltr'><strong>quando</strong></span> <span class='ocrx_word' id='word_1_280' title='bbox 917 3076 1006 3161; x_wconf 90' lang='lat' dir='ltr'><strong>prius</strong></span> <span class='ocrx_word' id='word_1_281' title='bbox 1018 3076 1050 3138; x_wconf 92' lang='lat' dir='ltr'><strong>in</strong></span> <span class='ocrx_word' id='word_1_282' title='bbox 1063 3074 1238 3138; x_wconf 83' lang='lat' dir='ltr'><strong>Ecclesiam</strong></span> <span class='ocrx_word' id='word_1_283' title='bbox 1251 3075 1352 3136; x_wconf 87' lang='lat' dir='ltr'><strong>intra-</strong></span> 
     </span>
     <span class='ocr_line' id='line_1_29' title="bbox 220 3175 1384 3265; baseline -0.003 -23"><span class='ocrx_word' id='word_1_284' title='bbox 220 3178 302 3242; x_wconf 74' lang='lat' dir='ltr'><strong>verit</strong></span> <span class='ocrx_word' id='word_1_285' title='bbox 316 3177 463 3242; x_wconf 87' lang='lat' dir='ltr'><strong>universa</strong></span> <span class='ocrx_word' id='word_1_286' title='bbox 482 3180 653 3263; x_wconf 85' lang='lat' dir='ltr'><strong>gentilitas,</strong></span> <span class='ocrx_word' id='word_1_287' title='bbox 668 3177 709 3243; x_wconf 92' lang='lat' dir='ltr'><strong>dc</strong></span> <span class='ocrx_word' id='word_1_288' title='bbox 722 3178 813 3265; x_wconf 88' lang='lat' dir='ltr'><strong>cujus</strong></span> <span class='ocrx_word' id='word_1_289' title='bbox 827 3179 993 3243; x_wconf 88' lang='lat' dir='ltr'><strong>vocatione</strong></span> <span class='ocrx_word' id='word_1_290' title='bbox 1005 3175 1048 3243; x_wconf 86' lang='lat' dir='ltr'><strong>ad</strong></span> <span class='ocrx_word' id='word_1_291' title='bbox 1060 3175 1158 3245; x_wconf 85' lang='lat' dir='ltr'><strong>fidem</strong></span> <span class='ocrx_word' id='word_1_292' title='bbox 1170 3185 1201 3239; x_wconf 90' lang='lat' dir='ltr'><strong>et</strong></span> <span class='ocrx_word' id='word_1_293' title='bbox 1216 3176 1352 3261; x_wconf 83' lang='lat' dir='ltr'><strong>gratiam</strong></span> <span class='ocrx_word' id='word_1_294' title='bbox 1381 3178 1384 3182; x_wconf 53' lang='lat'><strong><em>⁴</em></strong></span> 
     </span>
     <span class='ocr_line' id='line_1_30' title="bbox 112 3282 998 3371; baseline 0.003 -29"><span class='ocrx_word' id='word_1_295' title='bbox 112 3286 135 3304; x_wconf 75' lang='grc'><strong>’·</strong></span> <span class='ocrx_word' id='word_1_296' title='bbox 220 3282 439 3366; x_wconf 82' lang='lat' dir='ltr'><strong>evangelicam</strong></span> <span class='ocrx_word' id='word_1_297' title='bbox 460 3283 578 3367; x_wconf 89' lang='lat' dir='ltr'><strong>passim</strong></span> <span class='ocrx_word' id='word_1_298' title='bbox 592 3284 636 3365; x_wconf 86' lang='lat' dir='ltr'><strong>ibi</strong></span> <span class='ocrx_word' id='word_1_299' title='bbox 649 3305 831 3347; x_wconf 88' lang='lat' dir='ltr'><strong>sermonem</strong></span> <span class='ocrx_word' id='word_1_300' title='bbox 849 3282 998 3371; x_wconf 64' lang='lat' dir='ltr'><strong>habet]</strong></span> 
     </span>
     <span class='ocr_line' id='line_1_31' title="bbox 264 3367 1570 3474; baseline 0.002 -27"><span class='ocrx_word' id='word_1_301' title='bbox 264 3367 453 3472; x_wconf 65' lang='lat' dir='ltr'><strong>bffileliqua</strong></span> <span class='ocrx_word' id='word_1_302' title='bbox 469 3396 578 3451; x_wconf 92' lang='lat' dir='ltr'><strong>autem</strong></span> <span class='ocrx_word' id='word_1_303' title='bbox 596 3389 744 3472; x_wconf 76' lang='lat' dir='ltr'><strong>Epistola</strong></span> <span class='ocrx_word' id='word_1_304' title='bbox 760 3409 835 3474; x_wconf 88' lang='lat' dir='ltr'><strong>pars</strong></span> <span class='ocrx_word' id='word_1_305' title='bbox 852 3386 895 3452; x_wconf 87' lang='lat' dir='ltr'><strong>ad</strong></span> <span class='ocrx_word' id='word_1_306' title='bbox 918 3386 1141 3452; x_wconf 78' lang='lat' dir='ltr'><strong>informandos</strong></span> <span class='ocrx_word' id='word_1_307' title='bbox 1164 3408 1272 3451; x_wconf 88' lang='lat' dir='ltr'><strong>mores</strong></span> <span class='ocrx_word' id='word_1_308' title='bbox 1288 3408 1351 3471; x_wconf 89' lang='lat' dir='ltr'><strong>po·</strong></span> <span class='ocrx_word' id='word_1_309' title='bbox 1422 3408 1464 3441; x_wconf 50' lang='grc' dir='ltr'><strong>ιιι</strong></span> <span class='ocrx_word' id='word_1_310' title='bbox 1497 3394 1527 3449; x_wconf 74' lang='lat' dir='ltr'><strong>tl</strong></span> <span class='ocrx_word' id='word_1_311' title='bbox 1566 3420 1570 3431; x_wconf 74' lang='grc'><strong><em>»</em></strong></span> 
     </span>
     <span class='ocr_line' id='line_1_32' title="bbox 220 3480 1357 3589; baseline 0.004 -39"><span class='ocrx_word' id='word_1_312' title='bbox 220 3487 376 3551; x_wconf 86' lang='lat' dir='ltr'><strong>tissimum</strong></span> <span class='ocrx_word' id='word_1_313' title='bbox 396 3480 704 3589; x_wconf 58' lang='lat' dir='ltr'><strong>specntjfflormtur</strong></span> <span class='ocrx_word' id='word_1_314' title='bbox 722 3512 819 3576; x_wconf 87' lang='lat' dir='ltr'><strong>porro</strong></span> <span class='ocrx_word' id='word_1_315' title='bbox 840 3486 1192 3574; x_wconf 61' lang='lat' dir='ltr'><strong>Romanos&#39;ilpostolus</strong></span> <span class='ocrx_word' id='word_1_316' title='bbox 1213 3501 1249 3555; x_wconf 89' lang='lat' dir='ltr'><strong>nt</strong></span> <span class='ocrx_word' id='word_1_317' title='bbox 1265 3501 1357 3554; x_wconf 88' lang='lat' dir='ltr'><strong>reete·</strong></span> 
     </span>
     <span class='ocr_line' id='line_1_33' title="bbox 220 3588 1409 3675; baseline -0.004 -20"><span class='ocrx_word' id='word_1_318' title='bbox 220 3609 253 3655; x_wconf 80' lang='lat' dir='ltr'><strong>se</strong></span> <span class='ocrx_word' id='word_1_319' title='bbox 270 3589 302 3651; x_wconf 95' lang='lat' dir='ltr'><strong>in</strong></span> <span class='ocrx_word' id='word_1_320' title='bbox 323 3588 473 3654; x_wconf 90' lang='lat' dir='ltr'><strong>omnibus</strong></span> <span class='ocrx_word' id='word_1_321' title='bbox 496 3601 621 3675; x_wconf 81' lang='lat' dir='ltr'><strong>gerant,</strong></span> <span class='ocrx_word' id='word_1_322' title='bbox 646 3593 730 3657; x_wconf 90' lang='lat' dir='ltr'><strong>bene</strong></span> <span class='ocrx_word' id='word_1_323' title='bbox 755 3592 999 3657; x_wconf 81' lang='lat' dir='ltr'><strong>charismatibus</strong></span> <span class='ocrx_word' id='word_1_324' title='bbox 1024 3601 1165 3675; x_wconf 89' lang='lat' dir='ltr'><strong>utantur,</strong></span> <span class='ocrx_word' id='word_1_325' title='bbox 1184 3593 1354 3657; x_wconf 77' lang='lat' dir='ltr'><strong>virtutibus</strong></span> <span class='ocrx_word' id='word_1_326' title='bbox 1408 3646 1409 3650; x_wconf 75' lang='grc'>,</span> 
     </span>
     <span class='ocr_line' id='line_1_34' title="bbox 219 3692 1351 3783; baseline 0.002 -29"><span class='ocrx_word' id='word_1_327' title='bbox 219 3711 253 3754; x_wconf 91' lang='lat' dir='ltr'><strong>se</strong></span> <span class='ocrx_word' id='word_1_328' title='bbox 277 3700 471 3773; x_wconf 83' lang='lat' dir='ltr'><strong>exerceant,</strong></span> <span class='ocrx_word' id='word_1_329' title='bbox 499 3693 738 3779; x_wconf 80' lang='lat' dir='ltr'><strong>magistratibus</strong></span> <span class='ocrx_word' id='word_1_330' title='bbox 760 3693 904 3758; x_wconf 87' lang='lat' dir='ltr'><strong>debitam</strong></span> <span class='ocrx_word' id='word_1_331' title='bbox 936 3702 1085 3778; x_wconf 66' lang='lat' dir='ltr'><strong>prestent</strong></span> <span class='ocrx_word' id='word_1_332' title='bbox 1109 3692 1351 3783; x_wconf 61' lang='lat' dir='ltr'><strong>obedientiam,</strong></span> 
     </span>
     <span class='ocr_line' id='line_1_35' title="bbox 219 3784 1353 3895; baseline 0.002 -40"><span class='ocrx_word' id='word_1_333' title='bbox 219 3793 402 3877; x_wconf 87' lang='lat' dir='ltr'><strong>proximum</strong></span> <span class='ocrx_word' id='word_1_334' title='bbox 425 3793 583 3879; x_wconf 83' lang='lat' dir='ltr'><strong>diligant,</strong></span> <span class='ocrx_word' id='word_1_335' title='bbox 617 3797 777 3861; x_wconf 83' lang='lat' dir='ltr'><strong>luxuriam</strong></span> <span class='ocrx_word' id='word_1_336' title='bbox 801 3798 901 3895; x_wconf 64' lang='lat' dir='ltr'><strong>vitent</strong></span> <span class='ocrx_word' id='word_1_337' title='bbox 924 3784 1263 3890; x_wconf 48' lang='lat' dir='ltr'><strong>(xli-xttttjbeinto</strong></span> <span class='ocrx_word' id='word_1_338' title='bbox 1288 3797 1353 3879; x_wconf 85' lang='lat' dir='ltr'><strong>agit</strong></span> 
     </span>
    </p>
   </div>
   <div class='ocr_carea' id='block_1_3' title="bbox 212 3893 1351 4013">
    <p class='ocr_par' dir='ltr' id='par_1_3' title="bbox 212 3893 1351 4013">
     <span class='ocr_line' id='line_1_36' title="bbox 212 3893 1351 4013; baseline -0.003 -50"><span class='ocrx_word' id='word_1_339' title='bbox 212 3893 644 4013; x_wconf 58' lang='lat' dir='ltr'><strong>QQn—dim&#39;nnjpe,</strong></span> <span class='ocrx_word' id='word_1_340' title='bbox 664 3899 823 3985; x_wconf 87' lang='lat' dir='ltr'><strong>docetque</strong></span> <span class='ocrx_word' id='word_1_341' title='bbox 847 3899 974 3991; x_wconf 64' lang='lat' dir='ltr'><strong>Qalia</strong></span> <span class='ocrx_word' id='word_1_342' title='bbox 991 3898 1082 3982; x_wconf 83' lang='lat' dir='ltr'><strong>Legis</strong></span> <span class='ocrx_word' id='word_1_343' title='bbox 1105 3906 1262 3982; x_wconf 70' lang='lat' dir='ltr'><strong>praecepta</strong></span> <span class='ocrx_word' id='word_1_344' title='bbox 1287 3919 1351 3961; x_wconf 93' lang='lat' dir='ltr'><strong>non</strong></span> 
     </span>
    </p>
   </div>
   <div class='ocr_carea' id='block_1_4' title="bbox 218 3998 1539 4423">
    <p class='ocr_par' dir='ltr' id='par_1_4' title="bbox 218 3998 1473 4185">
     <span class='ocr_line' id='line_1_37' title="bbox 218 3998 1351 4087; baseline 0.003 -26"><span class='ocrx_word' id='word_1_345' title='bbox 218 3999 357 4083; x_wconf 81' lang='lat' dir='ltr'><strong>amplius</strong></span> <span class='ocrx_word' id='word_1_346' title='bbox 376 3998 533 4083; x_wconf 86' lang='lat' dir='ltr'><strong>obligare,</strong></span> <span class='ocrx_word' id='word_1_347' title='bbox 559 4000 615 4065; x_wconf 89' lang='lat' dir='ltr'><strong>sed</strong></span> <span class='ocrx_word' id='word_1_348' title='bbox 639 4012 787 4087; x_wconf 89' lang='lat' dir='ltr'><strong>oportere</strong></span> <span class='ocrx_word' id='word_1_349' title='bbox 810 4011 918 4066; x_wconf 88' lang='lat' dir='ltr'><strong>tamen</strong></span> <span class='ocrx_word' id='word_1_350' title='bbox 939 4010 977 4065; x_wconf 88' lang='lat' dir='ltr'><strong>ut</strong></span> <span class='ocrx_word' id='word_1_351' title='bbox 999 4021 1095 4068; x_wconf 87' lang='lat' dir='ltr'><strong>nemo</strong></span> <span class='ocrx_word' id='word_1_352' title='bbox 1122 3998 1237 4063; x_wconf 83' lang='lat' dir='ltr'><strong>exinde</strong></span> <span class='ocrx_word' id='word_1_353' title='bbox 1260 4001 1351 4064; x_wconf 89' lang='lat' dir='ltr'><strong>alteri</strong></span> 
     </span>
     <span class='ocr_line' id='line_1_38' title="bbox 219 4098 1473 4185; baseline -0.004 -23"><span class='ocrx_word' id='word_1_354' title='bbox 219 4098 408 4164; x_wconf 90' lang='lat' dir='ltr'><strong>scandalum</strong></span> <span class='ocrx_word' id='word_1_355' title='bbox 425 4100 578 4185; x_wconf 66' lang='lat' dir='ltr'><strong>praebeat.</strong></span> <span class='ocrx_word' id='word_1_356' title='bbox 1285 4148 1288 4153; x_wconf 28' lang='lat'><strong>⁴</strong></span> <span class='ocrx_word' id='word_1_357' title='bbox 1445 4140 1473 4165; x_wconf 54' lang='lat'><strong>«-</strong></span> 
     </span>
    </p>

    <p class='ocr_par' dir='ltr' id='par_1_5' title="bbox 219 4168 1539 4423">
     <span class='ocr_line' id='line_1_39' title="bbox 262 4168 1539 4299; baseline -0.003 -35"><span class='ocrx_word' id='word_1_358' title='bbox 262 4201 294 4266; x_wconf 87' lang='lat'><strong>6.</strong></span> <span class='ocrx_word' id='word_1_359' title='bbox 318 4205 453 4286; x_wconf 71' lang='lat' dir='ltr'><strong>linqua,</strong></span> <span class='ocrx_word' id='word_1_360' title='bbox 479 4201 561 4268; x_wconf 81' lang='lat' dir='ltr'><strong>locus</strong></span> <span class='ocrx_word' id='word_1_361' title='bbox 584 4217 613 4268; x_wconf 85' lang='lat' dir='ltr'><strong>et</strong></span> <span class='ocrx_word' id='word_1_362' title='bbox 640 4217 768 4292; x_wconf 81' lang='lat' dir='ltr'><strong>tempus.</strong></span> <span class='ocrx_word' id='word_1_363' title='bbox 795 4207 936 4291; x_wconf 88' lang='lat' dir='ltr'><strong>Epistola</strong></span> <span class='ocrx_word' id='word_1_364' title='bbox 960 4200 1201 4299; x_wconf 56' lang='lat' dir='ltr'><strong>Qmapos,</strong></span> <span class='ocrx_word' id='word_1_365' title='bbox 1227 4205 1351 4293; x_wconf 88' lang='lat' dir='ltr'><strong>utjam</strong></span> <span class='ocrx_word' id='word_1_366' title='bbox 1390 4202 1443 4261; x_wconf 65' lang='lat' dir='ltr'><strong>‘tn&#39;</strong></span> <span class='ocrx_word' id='word_1_367' title='bbox 1469 4168 1539 4251; x_wconf 45' lang='grc' dir='ltr'><strong>Νι</strong></span> 
     </span>
     <span class='ocr_line' id='line_1_40' title="bbox 219 4290 1352 4423; baseline 0.004 -56"><span class='ocrx_word' id='word_1_368' title='bbox 219 4301 380 4387; x_wconf 91' lang='lat' dir='ltr'><strong>diximus,</strong></span> <span class='ocrx_word' id='word_1_369' title='bbox 406 4324 510 4413; x_wconf 45' lang='grc' dir='ltr'><strong>ἔρξαι</strong></span> <span class='ocrx_word' id='word_1_370' title='bbox 533 4316 663 4373; x_wconf 88' lang='lat' dir='ltr'><strong>exarata</strong></span> <span class='ocrx_word' id='word_1_371' title='bbox 686 4309 767 4423; x_wconf 72' lang='lat' dir='ltr'><strong>fuitp</strong></span> <span class='ocrx_word' id='word_1_372' title='bbox 805 4309 910 4399; x_wconf 38' lang='lat' dir='ltr'><strong>⁸utarit</strong></span> <span class='ocrx_word' id='word_1_373' title='bbox 932 4290 1233 4373; x_wconf 66' lang='lat' dir='ltr'><strong>tameri&#39;Sailmeron</strong></span> <span class='ocrx_word' id='word_1_374' title='bbox 1255 4309 1352 4373; x_wconf 87' lang='lat' dir='ltr'><strong>latine</strong></span> 
     </span>
    </p>
   </div>
   <div class='ocr_carea' id='block_1_5' title="bbox 1500 2106 1506 2145">
    <p class='ocr_par' dir='ltr' id='par_1_6' title="bbox 1500 2106 1506 2145">
     <span class='ocr_line' id='line_1_41' title="bbox 1500 2106 1506 2145; baseline 0 0"><span class='ocrx_word' id='word_1_375' title='bbox 1500 2106 1506 2145; x_wconf 90' lang='lat' dir='ltr'><strong>l</strong></span> 
     </span>
    </p>
   </div>
   <div class='ocr_carea' id='block_1_6' title="bbox 0 0 1591 4948">
    <p class='ocr_par' dir='ltr' id='par_1_7' title="bbox 0 0 1591 4948">
     <span class='ocr_line' id='line_1_42' title="bbox 0 0 1591 4948; baseline 0 0"><span class='ocrx_word' id='word_1_376' title='bbox 0 0 1591 4948; x_wconf 95' lang='lat' dir='ltr'><strong> </strong></span> 
     </span>
    </p>
   </div>
  </div>
 </body>
</html>
