3168 4948
292 303 367 369 286·
529 320 730 364 tmnonacuo
747 318 893 391 sinemus
914 317 945 361 ns
964 317 990 363 s.
1010 318 1210 363 scararum.

292 422 366 505 mis,
393 419 503 485 selda
525 418 713 484 adveniente
736 420 863 504 angelo,
882 419 935 483 vel
955 417 995 482 dc
1016 418 1132 484 sudore
1155 421 1316 506 sanguinis
1340 421 1426 485 nibil

293 524 441 611 reperiri,
464 550 480 585 »
499 522 617 588 addit:
642 548 657 582 «
675 522 920 608 Ambigentibus
942 524 1048 607 igitur,
1072 532 1179 587 utrum
1198 524 1261 589 boc
1276 525 1310 588 in
1330 523 1426 589 libris

294 629 393 693 variis
412 636 466 693 aut
486 626 588 711 desit,
609 637 664 691 aut
686 627 883 712 superfluum
901 626 940 689 sit
956 626 1126 710 (incertum
1144 627 1229 690 enim
1248 626 1311 691 hoc
1328 626 1426 691 nobis

298 731 489 816 relinquitur
504 728 545 793 dc
570 728 751 794 diversitate
768 728 951 814 librorum),
970 737 1066 812 ceno,
1086 738 1147 794 etc.
1170 729 1340 794 »Hilarius
1357 730 1426 816 igi-

298 845 351 898 tur
372 834 598 919 genuinitslem
621 832 718 919 hujus
732 833 869 897 historiae
891 853 955 896 non
981 841 1086 917 negat,
1103 830 1160 897 sed
1175 852 1293 918 anceps
1307 834 1422 899 beret.

297 938 330 1003 S.
353 938 565 1022 Hieronymus
582 935 631 1022 (l)
647 930 739 1000 Lucae
753 937 926 1001 versiculos
945 936 1058 1020 recipit
1075 934 1153 999 nibil
1172 927 1332 1019 dubitans,
1358 935 1427 1000 ad-

299 1061 433 1105 monens
444 1048 567 1104 tantum
584 1060 639 1103 eos
656 1062 672 1098 a
689 1040 722 1103 in
735 1034 927 1124 quibusdam
940 1037 1104 1103 codicibus
1118 1048 1184 1103 tam
1198 1039 1307 1123 grecis
1322 1058 1426 1126 quarn

297 1145 437 1208 latinis»
459 1143 649 1208 referriEx
675 1143 724 1207 bis
739 1142 917 1228 disputatis
944 1140 1045 1228 liquet
1073 1143 1228 1228 genuinos
1255 1140 1426 1206 habendos

257 1324 262 1334 ¹
285 1257 368 1309 ‘esse
383 1245 442 1309 hos
458 1246 549 1310 Lucae
567 1246 751 1309 versiculos.

345 1348 396 1412 20.
419 1349 497 1412 Inst.
516 1350 560 1411 4⁰.
583 1347 789 1433 Evangelium
804 1348 837 1412 S.
853 1346 985 1413 loannis
999 1350 1108 1432 plures
1125 1365 1235 1432 passus
1253 1355 1300 1411 est
1320 1348 1426 1411 inter-⁶

300 1451 488 1535 palationcs.
504 1452 541 1514 Iu
554 1460 642 1517 textu
653 1451 739 1515 enim
756 1452 945 1536 primigenio
962 1449 1096 1515 deerant
1107 1451 1236 1514 historia
1252 1448 1426 1517 descensus

300 1553 405 1637 angeli
418 1554 451 1617 in
463 1554 618 1637 piscinam
631 1551 808 1617 Bethsaida
820 1554 874 1639 (V,
886 1554 965 1639 dd),
973 1554 1103 1619 historia
1115 1554 1257 1618 mulieris
1269 1550 1426 1616 adulterae

301 1654 401 1740 (VIII,
420 1655 517 1741 1-tt)
530 1665 562 1719 et
573 1666 675 1719 totum
688 1657 835 1719 ultimum
857 1665 963 1741 caput.
1281 1730 1283 1734 Ι

345 1758 397 1822 nt.
417 1759 508 1842 Resp.
538 1758 676 1823 Historia
703 1757 743 1822 de
768 1778 832 1844 qua
854 1761 958 1843 primo
986 1759 1056 1822 loco
1080 1759 1183 1843 agitm
1211 1758 1255 1822 sic
1284 1755 1424 1820 refertur

299 1863 391 1925 Joan.
421 1861 461 1945 V,
489 1862 578 1926 2-4:
603 1865 660 1927 Est
684 1874 781 1926 antem
806 1861 1004 1948 derosolpmis
1025 1861 1180 1946 probatica
1199 1860 1331 1946 piscina,
1356 1876 1424 1945 qna

299 1967 527 2050 cognominatur
558 1965 692 2029 hebraice
714 1964 900 2039 Bethsaida,
928 1968 1060 2050 quiesque
1080 1967 1215 2050 partiens
1236 1962 1359 2026 babens.
1383 1962 1422 2024 In

299 2069 347 2133 dis
365 2068 485 2153 jacebat
505 2068 664 2133 multitado
684 2087 800 2154 magna·
818 2067 1035 2153 languentium,
1058 2086 1210 2142 canaram,
1234 2062 1420 2138 claudorum,

302 2172 481 2246 aridorum,
512 2174 730 2256 expectantium
759 2192 845 2256 aqaoe
868 2182 992 2234 atatam.
1016 2164 1151 2256 Angelus
1174 2182 1273 2233 antem
1296 2170 1423 2233 basini

302 2273 492 2338 descendebat
523 2275 684 2338 secandam
714 2286 828 2358 tempas
857 2275 890 2336 in
909 2275 1060 2357 piscinam
1083 2285 1111 2336 et
1134 2272 1304 2336 monebatur
1326 2288 1419 2356 apsa.

304 2377 345 2439 Et
369 2379 423 2461 qni
453 2379 540 2460 prior
572 2377 768 2440 descendisset
799 2377 833 2438 in
863 2377 1014 2460 piscinam
1035 2387 1105 2461 post
1126 2377 1286 2440 motionem
1309 2390 1420 2460 aqna,

303 2498 397 2541 sanas
419 2478 508 2562 fiebat
532 2501 550 2540 a
580 2495 767 2563 qnaonntqae
790 2477 975 2540 detinebatur
1003 2477 1191 2563 infirmitate.
1226 2477 1304 2558 Qus
1327 2494 1423 2562 porro

304 2578 465 2642 habentur
475 2579 518 2643 ab
535 2601 543 2642 ε
557 2582 773 2664 expectantium
787 2598 912 2665 aqna...
929 2581 1117 2665 infirmitate,
1132 2590 1285 2666 anquam
1298 2577 1426 2665 adjecti

304 2684 347 2746 tia
362 2682 617 2747 Tiscbendorlius
630 2685 662 2747 in
676 2693 796 2747 tentum
809 2705 874 2747 non
887 2685 1016 2769 recepit.
1032 2684 1151 2749 Verum
1167 2683 1297 2769 quidem
1311 2693 1359 2748 est
1369 2684 1426 2747 bos

304 2786 478 2850 versiculos
501 2783 609 2850 deesse
629 2787 661 2851 in
690 2785 852 2851 codicibus
879 2787 1044 2870 Vaticano,
1071 2788 1232 2872 Sinaitico,
1257 2788 1427 2853 Cantabri-

305 2889 417 2974 giensi,
437 2891 470 2953 in
492 2890 593 2979 tribus
618 2890 814 2973 minusculis,
837 2891 868 2953 in
894 2892 1039 2954 versione
1061 2892 1182 2977 syriaca
1202 2891 1375 2978 Garatonii,
1397 2892 1428 2955 in

305 2994 449 3127 versipna
471 2991 625 3077 sahidica,
640 3003 672 3056 et
683 2994 716 3056 in
728 2992 888 3078 aliquibus
905 2994 1039 3056 alierum
1054 2995 1237 3058 versionum
1250 2993 1425 3059 codicibus.

60 3125 81 3168 a
91 3051 160 3191 ddffl
272 3057 434 3198 [def'arlii
453 3094 579 3160 codices
595 3097 737 3159 unciales
753 3105 785 3159 et
800 3090 980 3177 minusculi,
1004 3097 1164 3160 versiones
1179 3098 1270 3181 Itala,
1291 3098 1426 3183 Vulgata

195 3370 217 3407 s

197 3435 203 3465 Ι
226 3441 232 3451 a

182 3486 206 3525 sn

153 3494 221 3609 la.

305 3199 338 3260 in
350 3198 510 3282 plerisque
526 3170 836 3290 codicibusffiriaca
848 3197 989 3282 Simplex
981 3166 1284 3293 ,sslslniloxeliianm
1304 3200 1428 3286 coptica

306 3299 391 3364 edita
407 3322 427 3363 a
442 3298 602 3382 Wilkind,
642 3301 764 3363 rmcnia
821 3301 853 3363 in
875 3290 1218 3379 nonnullis‘c‘odiolb‘us
1247 3303 1307 3366 bos
1325 3304 1429 3367 versi-

307 3403 395 3467 culos
404 3390 614 3495 biberyd
661 3424 713 3466 eos
742 3402 773 3465 al
809 3400 889 3466 dunt
915 3412 970 3467 aut
992 3289 1426 3582 provocarffidrtullianus,

306 3504 512 3590 Augustinus,
528 3504 715 3569 Ambrosius
732 3513 763 3568 ct
780 3505 1018 3592 Chrysostomus
1034 3506 1167 3593 (dtP'
1230 3530 1284 3572 eos
1298 3511 1429 3574 omnino
1490 3514 1497 3521 '

307 3608 426 3693 expetit
436 3615 583 3671 contexta
596 3608 708 3671 oratio.
723 3604 862 3672 Sublatis
873 3609 959 3671 enim
971 3610 1057 3673 hisee
1069 3590 1249 3705 uersiculis,
1257 3632 1321 3674 non
1336 3613 1429 3676 intel·

306 3711 415 3796 ligitur
436 3732 535 3795 quare
557 3710 601 3775 ad
620 3712 709 3774 illam
730 3712 885 3796 piscinam
902 3721 967 3775 tam
990 3712 1081 3775 multi
1100 3714 1230 3797 aegroti,
1253 3735 1313 3778 nec
1329 3715 1429 3799 magis

306 3814 491 3898 intelligitur
520 3815 681 3899 responsio
712 3813 829 3878 infirmi
858 3812 901 3877 ad
925 3815 1038 3897 ,desum
1067 3815 1158 3900 (oens.
1191 3815 1225 3901 7)
1248 3838 1256 3879 ε
1278 3816 1428 3881 bominem
1525 3862 1529 3871 .

307 3940 368 3981 non
385 3916 488 3998 habeo,
507 3930 550 3991 at,
567 3941 657 4004 qnam
679 3919 799 3983 tardata
818 3920 912 4004 suerit
928 3941 1019 4005 aqna,
1035 3923 1136 3984 mittat
1150 3940 1196 3984 me
1214 3923 1246 3984 in
1259 3924 1427 4006 piscinam:

304 4020 379 4091 attan
393 4023 479 4083 nenio
498 4023 576 4084 enirn
591 4040 652 4106 epe,
667 4022 746 4085 nlius
759 4033 828 4085 ante
840 4044 887 4085 nte
897 4011 1088 4129 descendiis

342 4252 377 4315 (t)
391 4253 460 4305 Diui.
472 4256 533 4305 adn.
550 4254 706 4321 Pelagianos
717 4256 748 4317 ll,
761 4255 801 4307 tn.

342 4333 377 4396 (i)
386 4335 432 4397 Ap.
445 4336 537 4400 iligna,
548 4337 647 4388 Patrot.
658 4352 698 4404 pr.
710 4340 732 4400 l,
743 4339 790 4390 cot.
804 4338 854 4389 655
864 4339 890 4388 iu
903 4346 969 4391 nota.
1087 4408 1089 4411 .

1564 3956 1569 4041 l
