3142 4964
463 302 539 346 raas
554 304 578 346 1.
596 304 690 348 011111
706 307 729 349 1.
751 305 789 348 nn
805 308 1016 351 runrarnuzuo
1267 291 1306 355 'o'l

1163 368 1481 590 9⁴&stssva

399 531 440 597 V.
462 532 509 595 De
528 532 670 596 hicterico
686 535 889 600 Pentateuclri
905 541 1093 604 auctoritate
1129 472 1481 641 MMJMQQ

706 638 828 725 Mire
862 620 1080 719 maerdice
1104 632 1292 725 arumde
1307 541 1511 818 ‘istm
1470 566 1566 763 aeid]

226 764 281 826 55.
305 764 521 828 Rationalistae
539 786 604 828 non
624 765 728 831 solum
748 766 1000 831 Pentateuclrum
1020 790 1039 832 a
1060 770 1165 855 Moyse
1181 771 1234 857 abj
1238 772 1310 838 udi-

55 943 61 959 ,
118 878 122 885 ’
179 878 279 950 cant,·
277 866 349 931 sed
370 868 455 931 lacta
475 869 758 953 supernaturalia
750 892 783 932 rn
804 891 842 934 eo
858 868 1016 955 descripta
1042 792 1148 937 fienda
1170 897 1237 940 esse
1255 899 1311 941 seu

179 973 322 1058 mythice
345 970 534 1053 declarant,
562 971 708 1058 adeoque
732 993 807 1036 vere
830 973 983 1041 accidisse
1008 986 1103 1060 prout
1127 990 1310 1063 narrantur,
1407 998 1410 1001 ·

180 1095 313 1159 prorsus
330 1083 458 1159 negant.
472 1075 567 1138 Juxta
584 1095 638 1138 eos
650 1075 744 1159 igitur
760 1075 889 1139 historia
904 1098 994 1140 sacra
1009 1098 1074 1140 non
1090 1076 1195 1143 dill'ert
1209 1102 1228 1143 a
1240 1103 1313 1166 pro-

117 1211 119 1217 ·
181 1179 283 1258 lana3
302 1186 333 1239 et
350 1176 624 1263 quemadmodum
638 1177 818 1262 antiquiora
830 1180 972 1263 gentium
989 1177 1180 1245 documenta
1196 1185 1311 1268 mythis

180 1279 301 1342 referta
317 1289 400 1361 sunt,
421 1281 463 1343 ita
479 1280 715 1344 Pentateucbus
729 1279 876 1345 fabulosa
894 1283 995 1367 gentis
1008 1282 1148 1374 ludaicae
1167 1295 1311 1370 tempora

131 1464 134 1468 ι
179 1381 344 1446 describit.
365 1382 527 1463 Quantum
549 1391 693 1447 autema
712 1384 842 1448 veritate
860 1384 1010 1449 aberrent
1026 1383 1311 1453 demonstrandum

178 1485 275 1550 nobis
293 1494 350 1568 cst.
371 1485 478 1567 Quare
494 1486 557 1549 sit:

615 1722 888 1788 Pn0P081T102·

381 1945 414 2008 V
412 1966 463 2026 era
483 1954 555 2006 caret
574 1963 640 2027 qrroe
660 1945 693 2005 in
712 1943 917 2006 Pentateucho
934 1956 1112 2008 eruerentur.

89 2171 92 2180 '
161 2156 178 2241 l
228 2164 282 2228 54.
316 2164 440 2230 Veritas
476 2163 625 2227 historica
656 2162 862 2225 Pentateucbi
893 2183 945 2226 res
973 2163 1031 2235 erit
1059 2164 1256 2227 testatissima
1279 2172 1311 2226 et

44 2262 48 2270 ’
180 2279 273 2334 extra
290 2267 538 2332 controversiam
555 2267 668 2351 posita,
683 2266 708 2328 si
725 2263 966 2349 probaverimus
982 2267 1122 2351 Moysen,
1140 2267 1310 2330 Pentateu-

4 2428 30 2455 ἢ,
154 2429 159 2436 .
181 2372 236 2435 0111
256 2379 433 2451 auctorem,
454 2390 514 2433 neo
534 2368 603 2432 falli
625 2388 686 2430 nec
705 2367 818 2430 fallere
842 2367 992 2452 potuisse.
1014 2368 1114 2432 Porro
1137 2378 1309 2452 utrumque

4 2498 8 2507 ⁷
116 2522 122 2527 -
180 2472 262 2557 illud
281 2471 413 2558 patebit,
432 2472 456 2534 si
474 2472 576 2556 ipsam
594 2470 690 2556 Moysi
704 2490 874 2555 personam
888 2480 1038 2536 etrerum
1055 2471 1098 2535 ah
1113 2473 1181 2557 ipso
1198 2494 1310 2537 narra-

99 2573 103 2589 ¹
157 2578 290 2642 ‘tarum
305 2574 447 2640 indolem
464 2583 581 2639 attente
598 2573 916 2638 consideraverimus.
1460 2642 1492 2669 Ν

165 2712 174 2772 2
228 2681 281 2744 55.
287 2662 352 2773 [Et
362 2680 465 2763 primo
495 2676 626 2764 quidem
650 2678 771 2762 Moyses
793 2677 937 2741 nonfuit
961 2675 1123 2796 deceptus.
1144 2680 1310 2745 Etenima
1398 2662 1426 2701 ‘W

100 2774 104 2785 “
135 2768 165 2781 ”
183 2784 250 2848 filia
268 2783 444 2860 Pharaonis
461 2803 501 2846 ex
515 2782 607 2866 aquis
622 2789 775 2862 servatus,
791 2781 870 2844 01111
891 2781 964 2844 aula
982 2782 1068 2866 regia
1087 2783 1301 2873 Pharaonis
1277 2808 1309 2849 ru

182 2887 405 2972 AEgyptiorum
422 2885 576 2969 sapientia
593 2850 1310 3005 Quffigssffimddgnos-

183 3012 258 3054 cere
277 2989 379 3074 potuit
403 3010 453 3069 ea,
479 3008 550 3072 quae
573 2987 662 3050 initio
682 2985 781 3050 Exodi
806 2986 847 3050 de
871 2986 1020 3049 servitute
1045 2987 1284 3052 Hebraeorum
1276 3012 1309 3053 rn
1346 3018 1351 3029 ·
1459 3062 1462 3071 .

182 3095 319 3177 AEgypto
334 3091 474 3154 narravit
551 3090 684 3153 cullus
676 3090 835 3154 rnvemtur
850 3088 905 3174 qui
920 3089 1098 3151 accuratius
1111 3112 1209 3174 quam
1222 3093 1310 3177 Moy·
1380 3102 1383 3107 '
1428 3076 1457 3099 ⁸

182 3218 234 3260 ses
251 3196 309 3259 bas
329 3216 380 3258 res
396 3192 460 3257 deb
482 3194 542 3256 erit
560 3213 763 3276 cognoscere.
786 3193 886 3255 Porro
911 3211 981 3276 quae
1006 3191 1039 3254 in
1064 3193 1183 3277 reliqna
1210 3194 1310 3258 Exodi
1359 3222 1464 3283 us
1482 3184 1485 3187 ¹
1500 3232 1516 3281 f
1565 3214 1566 3227 ¹

136 3320 143 3331 ·
181 3306 274 3382 parte
292 3307 323 3360 et
345 3295 378 3359 in
402 3294 502 3359 tribus
525 3294 752 3379 posterioribus
777 3293 866 3357 libris
889 3293 1085 3374 referuntur,
1108 3296 1157 3357 vel
1177 3296 1310 3383 abipso

181 3400 289 3484 Moyse
302 3408 388 3482 gesta
408 3406 491 3477 sunt,
511 3397 562 3460 vel
580 3397 648 3480 ipso
667 3395 792 3460 vidente
808 3405 903 3481 atque
921 3404 998 3458 teste
1013 3398 1223 3482 contigerunt.
1239 3400 1310 3484 Ipse

181 3503 271 3565 enim
289 3502 409 3585 Moyses
428 3502 531 3565 Deum
560 3501 592 3563 in
620 3499 703 3564 rubo
725 3496 814 3580 vidit,
843 3520 952 3562 coram
982 3500 1150 3597 Plyaraone
1179 3500 1332 3577 adstitit,⁴

181 3603 340 3687 populum
359 3624 399 3665 ex
410 3604 558 3686 AEgypto,
576 3602 677 3686 plagis
695 3601 859 3684 impositis,
877 3590 1121 3689 eduxitllMoysa
1135 3601 1228 3674 duce.
1244 3603 1310 3665 He·
1409 3593 1417 3596 ⁷

11 3705 24 3714 ““
83 3739 85 3742 -
181 3705 261 3768 braei
290 3719 379 3768 mare
398 3706 601 3781 transierunt,
627 3708 661 3767 et'
679 3705 711 3767 in
736 3703 861 3768 deserto
889 3725 947 3788 per
974 3688 1185 3790 duadraginta
1211 3728 1311 3771 annos

74 3841 84 3862 ι
182 3808 374 3871 commorati
402 3817 485 3871 sunt.
517 3809 675 3872 Praeterea
702 3808 823 3892 Moyses
842 3829 861 3871 a
881 3809 947 3871 Deo
971 3809 1092 3892 accepit
1120 3810 1206 3893 leges
1232 3831 1312 3894 quas

181 3911 304 3995 populo
328 3888 575 4009 promulgavit]
586 3911 664 3991 Quis
691 3912 786 3995 igitur
806 3911 966 3974 somniare
993 3921 1094 3994 potest
1122 3912 1250 3997 Moysen
1279 3915 1312 3976 in

180 4013 271 4075 hisce
298 4011 394 4076 rebus
422 4011 588 4076 narrandis
617 4013 713 4077 fuisse
743 4011 940 4097 deceptum?
967 4011 1044 4092 Quis
1069 4034 1186 4099 negare
1209 4024 1312 4098 potest

33 4160 38 4169 ·
66 4118 68 4123 ’
181 4114 310 4198 Moysen
329 4122 360 4176 et
372 4114 531 4177 factorum
545 4135 615 4198 quae
627 4124 735 4178 narrat
748 4125 778 4178 et
790 4115 896 4198 legum
913 4135 992 4199 quas
1006 4114 1103 4178 refert
1119 4138 1185 4180 esse
1199 4125 1310 4183 testem

10 4298 17 4305 Ι
63 4262 68 4276 .
182 4213 526 4278 summeidoneumi'
1328 4200 1331 4205 ¹

119 4352 128 4375 1
194 4386 198 4395 ,
228 4281 477 4419 56.11111110111100
499 4327 646 4382 movetur
668 4340 707 4382 ex
727 4317 811 4382 libro
838 4317 1008 4384 Geneseos.
1028 4321 1152 4383 Etenim
1171 4342 1241 4406 quae
1265 4320 1309 4386 ibi
