3168 4948
259 302 322 364 518
486 317 685 360 mrnoonorro
702 318 849 360 spectaris
863 318 896 360 in
912 318 937 359 s.
958 318 1157 363 semermium.

259 419 395 503 suscepit
411 438 484 480 eum
489 464 554 481 .....
570 425 601 480 et
619 415 893 502 quemadmodum
907 417 1109 502 naufragium
1126 419 1281 501 fecerunt,
1300 429 1332 483 et
1348 421 1380 484 in

244 543 324 607 qua
352 519 476 583 liberati
503 528 574 582 sunt
595 519 710 601 insula,
734 528 763 582 et
792 518 1065 605 quemadmodum
1086 520 1317 601 humanitatem
1338 522 1383 587 ibi

259 631 482 708 perceperunt,
503 620 604 684 Paulo
624 631 755 685 curante
770 623 948 706 principem
963 624 1059 706 ipsius
1080 624 1201 706 insulae,
1217 633 1249 688 et
1264 646 1382 710 quem-

258 723 435 790 admodum
463 722 537 787 inde
556 724 705 788 Puteolos
734 726 974 809 navigaverunt,
1000 734 1030 788 et
1049 724 1124 788 inde
1143 727 1281 790 Romam
1303 750 1382 812 per-

258 836 425 905 venerunt,
442 836 473 890 et
489 835 607 911 quanto
631 835 774 911 tempore
792 829 903 891 Romae
921 828 1109 890 commorati
1126 826 1209 892 sunt.
1232 828 1382 894 Ommlrus

257 930 316 1003 ta,
341 952 434 1015 qaum
462 930 575 993 certasset
608 932 728 1003 Liseus,
753 930 911 1014 diligenter
939 932 1115 1014 eorzscripsit
1143 953 1177 993 eo
1191 964 1206 1003 ‚v
1226 943 1259 994 ut
1286 954 1382 1017 neque

258 1033 387 1096 mendam
405 1054 500 1118 neque
519 1031 614 1096 elutus
638 1031 821 1116 deprehendi
841 1036 993 1116 possitae
1013 1034 1093 1117 qnod
1111 1036 1213 1123 coertio
1228 1033 1290 1097 brec
1307 1057 1382 1099 eon-

184 1182 186 1185 -
257 1147 383 1209 starent,
409 1147 437 1198 et
462 1137 610 1199 seniorem
639 1156 706 1198 earn
729 1157 791 1199 esse
818 1135 954 1213 omnibus
981 1138 1035 1220 qui
1059 1158 1138 1200 norm
1160 1135 1245 1200 aliud
1267 1139 1381 1212 docent,

257 1246 352 1323 neque
376 1240 516 1322 iqrtorore
531 1239 695 1301 veritatem.
723 1237 882 1318 Quoniam
909 1259 974 1302 non
999 1239 1102 1302 solum
1125 1249 1310 1324 prosecutor
1326 1240 1383 1304 sed

257 1350 289 1404 et
303 1339 506 1423 cooperarius
519 1338 615 1402 fuerit
629 1338 868 1424 Apostolorum,
885 1341 1023 1403 maxime
1042 1348 1149 1404 autem
1163 1341 1266 1425 Pauli,
1285 1351 1346 1406 etc.
1365 1369 1379 1403 o

146 1422 157 1473 ‘¹
258 1441 379 1507 Deinde
415 1442 517 1526 pergit
550 1443 689 1504 Irenaeus
723 1451 753 1505 et
776 1441 871 1506 docet
893 1445 1054 1528 neminem
1077 1445 1224 1527 possein
1246 1443 1381 1508 dubium

134 1600 146 1609 .
257 1565 373 1625 vocare
404 1543 570 1606 veritatem
600 1542 739 1621 Aetuum
763 1541 1014 1628 Apostolorum,
1049 1544 1107 1606 nisi
1136 1544 1230 1629 simul
1252 1544 1382 1630 abjiciat

255 1644 465 1729 Evangelium
498 1646 591 1709 Lucae
618 1644 706 1732 quod
735 1667 847 1711 omnes
874 1646 1057 1711 admittunt.
1086 1670 1100 1705 a
1126 1646 1247 1711 Eadem
1271 1658 1380 1713 autem

256 1747 392 1812 dicimus
414 1748 530 1813 iterum
548 1759 579 1812 et
598 1749 716 1828 his.....
735 1751 887 1836 quoniam
910 1761 965 1815 aut
987 1751 1117 1836 reliquis
1139 1751 1245 1832 verbis
1271 1754 1380 1816 Evan-

256 1852 329 1937 gelii
346 1874 417 1938 quae
437 1874 496 1938 per
515 1854 618 1926 solum
642 1853 761 1917 Lucam
785 1855 818 1917 in
840 1863 981 1918 nostram
997 1862 1153 1918 venemnt
1171 1856 1378 1939 agnitionem,

255 1955 438 2032 renuntiare
462 1953 593 2037 debent,
617 1963 647 2035 et
667 1977 732 2018 non
750 1957 794 2018 uti
812 1957 877 2039 eis,
899 1965 954 2019 aut
969 1957 994 2018 si
1014 1956 1069 2019 illa
1085 1956 1241 2040 recipiunt
1259 1958 1378 2041 omnia,

256 2054 620 2147 habentneeessitatem
646 2058 789 2142 recipere
807 2058 903 2122 etiam
926 2079 997 2121 cam
1019 2056 1283 2140 testificationem,
1310 2080 1381 2145 quae

256 2168 303 2223 est
319 2157 360 2223 de
375 2159 475 2240 Paulo
479 2207 544 2223 .....
563 2160 674 2245 Neque
692 2161 811 2224 Lucam
829 2159 1019 2224 mendacem
1038 2181 1105 2239 esse
1120 2169 1252 2245 possunt
1271 2170 1382 2224 osten-

254 2261 345 2345 dere,
370 2263 435 2325 ver'
471 2273 536 2327 tem
556 2262 648 2326 nobis
669 2283 742 2326 cum
760 2263 847 2326 omni
865 2260 1030 2347 diligentia
1045 2263 1298 2343 annuntiantem.
1321 2289 1335 2323 o

300 2366 315 2430 1
344 2412 352 2429 .
371 2272 492 2457 kefin
507 2367 678 2429 concinunt
693 2365 931 2449 antiquissimus
943 2386 1045 2429 canon
1058 2386 1077 2429 a
1090 2365 1262 2451 QQ
1278 2363 1380 2429 editus

254 2477 286 2531 et
307 2366 464 2552 &Amans
477 2465 724 2549 Alexandrinus,
743 2467 810 2552 qui,
838 2468 960 2553 quotics
985 2467 1083 2530 refert
1108 2488 1158 2530 res
1177 2467 1209 2530 in
1229 2468 1380 2551 primaeva

157 2569 220 2643 Bt*
253 2535 766 2654 Ecclffig-cstas‘a’b‘Apo‘stolis
793 2579 824 2632 et
854 2570 1078 2645 nominatima
1102 2571 1244 2645 Petroet
1269 2571 1377 2654 Paulo,
1417 2595 1421 2601 ¹

227 2664 230 2683 '
253 2674 346 2737 toties
370 2672 439 2735 fere
455 2671 495 2736 ad
514 2670 608 2757 hujus
631 2672 703 2735 libri
726 2672 941 2735 testimonium
966 2672 1009 2735 ita
1034 2680 1199 2756 provocat,
1216 2680 1251 2733 ut
1272 2673 1379 2734 nemi-

254 2796 330 2839 nem
345 2773 386 2838 de
403 2796 441 2840 eo
456 2773 676 2839 dubitaturum
691 2773 830 2839 confidat
843 2774 902 2859 tl).

299 2878 351 2940 11.
370 2848 765 2986 SlmllllgiATssQ
779 2899 796 2940 e
818 2878 909 2940 Lucae
931 2875 1159 2941 commentario
1174 2879 1288 2961 repetit
1307 2897 1379 2962 quae

178 2960 186 2977 ’
254 2981 372 3064 passim
395 2978 436 3043 de
451 2980 548 3044 rebus
573 2980 799 3065 Apostolorum
825 2989 915 3043 aetate
937 2979 1030 3064 gestis
1054 2989 1294 3044 commemorat.
1313 2980 1379 3042 Sae-

253 3082 325 3166 pins
351 3084 448 3146 etiam
474 3081 584 3146 laudat
600 3087 678 3146 Acta
703 3081 918 3168 Apostolorum
945 3091 975 3145 ct
991 3082 1110 3146 Lucam
1130 3084 1240 3145 asserit
1264 3103 1378 3145 eorum

209 3232 227 3257 s
252 3193 431 3249 auctorem.
459 3185 525 3249 Nec
549 3186 653 3248 solnm
680 3183 800 3267 laudat,
820 3182 875 3248 sed
892 3182 1044 3248 adversus
1065 3185 1260 3265 Marcionem
1284 3183 1379 3248 docet

159 3280 223 3399 “qli
253 3286 344 3350 Pauli
368 3287 511 3372 Apostoli
537 3288 756 3352 auctoritatem
778 3287 907 3372 probari
932 3309 996 3350 non
1019 3308 1123 3371 posse,
1152 3288 1210 3351 nisi
1238 3286 1376 3350 admisso

254 3387 391 3452 Aetuum
412 3389 506 3454 libro.
534 3390 602 3452 lmo
629 3388 729 3471 addit,
752 3382 919 3475 repudiato
938 3390 1000 3453 boc
1026 3389 1120 3472 libro,
1145 3398 1288 3454 constare
1312 3410 1376 3452 non

253 3511 345 3574 posse
359 3488 400 3553 de
419 3491 593 3576 originibus
608 3491 767 3555 Ecclesiae.
789 3515 803 3548 a
822 3491 950 3576 Utique,
969 3490 1083 3575 inquit,
1097 3491 1241 3574 implevit
1260 3486 1377 3575 re‘pro-

251 3591 407 3672 missum,
444 3592 652 3677 probantibus
676 3592 762 3657 Actis
785 3593 1010 3678 Apostolorum
1032 3591 1220 3657 descensum
1244 3594 1378 3678 Spiritus

251 3694 364 3758 sancti.
381 3694 485 3775 Quam
505 3695 701 3780 Scripturam
715 3695 767 3780 qui
785 3717 850 3760 non
864 3696 1032 3780 rccipiunt,
1053 3716 1113 3760 nec
1129 3696 1262 3780 Spiritus
1277 3696 1376 3760 sancti

252 3818 321 3860 esse
344 3808 486 3882 possunt,
504 3800 558 3883 qui
577 3796 715 3862 necdum
741 3797 893 3883 Spiritum
913 3788 1032 3882 possint
1057 3818 1227 3885 agnoscere
1248 3797 1377 3862 discen-

253 3897 337 3963 tibus
363 3902 517 3985 missum,
541 3899 598 3965 sed
623 3922 682 3965 nee
703 3900 877 3964 Ecclesiam
895 3898 1081 3983 defendere,
1100 3900 1167 3986 qui,
1193 3898 1322 3985 quando
1346 3910 1378 3963 et

252 4253 384 4387 ¹⁵(tpglfr.
397 4257 477 4326 Clean.
491 4258 574 4320 Alex„
588 4258 691 4325 Pedap.
707 4258 737 4321 ll,
755 4260 778 4322 t,
790 4261 815 4318 73
827 4259 924 4311 Strom.
936 4261 956 4326 l,
970 4263 1010 4323 18,
1023 4262 1064 4325 19;
1077 4259 1118 4322 lV,
1130 4261 1170 4324 153
1181 4259 1212 4322 V,
1224 4261 1265 4320 lt,
1281 4257 1321 4319 123
1332 4256 1374 4321 vt,

286 4371 295 4396 ,
341 4343 409 4397 ;etc.
