3134 4934
256 273 321 342 586
487 289 690 336 rmnonuorro
705 287 853 342 seruans
870 288 905 345 rr
921 287 947 331 s.
963 286 1165 331 semirutas.

258 394 334 457 itala
357 410 427 476 quae
445 388 639 453 Tertulliano
658 387 820 473 antiquior
834 396 881 450 cst
903 407 974 450 eam
993 384 1145 468 babebat,
1165 395 1243 451 teste
1262 387 1391 455 Cassio-

257 495 350 559 doro.
366 492 500 556 Sanctus
519 490 707 554 Philastrius
721 489 768 574 (l)
789 490 900 553 asserit
912 490 947 553 in
958 509 1016 551 suo
1030 508 1154 553 canone
1170 511 1178 552 ε
1198 512 1214 548 a
1236 490 1392 555 Sicinium

260 619 324 662 esse
340 595 377 658 ab
393 593 547 679 Apostolis
559 613 722 677 eorumque
735 590 952 656 sumessoribus
966 589 1045 653 nibil
1062 588 1149 654 uliud
1163 591 1223 677 lepi
1238 591 1342 656 debere
1361 595 1395 656 ia

263 698 397 763 Ecclesia
412 677 557 760 catholico
570 695 670 759 nisi...
685 694 777 757 Pauli
791 691 946 758 tredecim
958 693 1115 777 Epistulas
1131 703 1163 757 et
1174 706 1288 779 septem
1305 695 1396 770 alios,

161 786 166 793 ⁶
261 803 353 865 Petri
374 801 461 873 duos,
476 799 608 863 loannis
625 806 700 880 tres,
716 795 808 861 Judae
822 816 921 860 unam
938 805 970 859 et
983 814 1084 859 unam
1098 795 1224 861 Jacobi.
1242 824 1257 859 s
1275 798 1396 864 Hiero·

201 929 204 936 “
262 924 388 989 nymus,
407 900 565 985 Ruffinus,
582 900 790 985 Augustinus,
810 898 1016 964 Cassiodorus
1038 899 1071 962 in
1091 899 1314 966 enumerando
1337 923 1397 966 ca-

261 1028 346 1070 none
378 1004 630 1088 Scripturarum,
657 1003 739 1066 inter
763 1002 861 1067 libros
884 1000 1008 1066 divinos
1030 1011 1198 1066 recensent
1220 1003 1397 1069 secundam

260 1110 421 1189 Petri,nec
433 1107 511 1192 quin
524 1106 562 1169 sit
575 1105 750 1170 certissime
762 1105 918 1169 canonica
931 1104 1034 1168 ullum
1042 1103 1178 1169 dubium
1190 1117 1322 1172 movent
1332 1108 1393 1194 (i).

262 1208 357 1293 Quod
371 1209 493 1297 faciunt
504 1209 600 1272 etiam
616 1202 766 1291 concilia,
778 1208 985 1295 Hipponense
995 1208 1071 1270 anni
1081 1208 1156 1291 595,
1167 1207 1397 1295 Carthaginen-

263 1313 306 1375 sia
321 1311 395 1373 antri
409 1310 472 1373 597
485 1317 517 1372 et
528 1309 604 1391 419,
618 1308 823 1372 Innocentius
837 1309 855 1370 Ι
871 1309 974 1392 Epist.
994 1308 1034 1370 ad
1054 1310 1205 1394 Exuper„
1222 1312 1395 1376 concilium

263 1416 446 1478 Romanum
461 1410 522 1476 sub
532 1412 670 1475 Damaso
684 1412 736 1475 vel
751 1410 876 1476 Gelasio
889 1419 921 1473 et
933 1430 1003 1495 quae
1018 1420 1126 1475 secuta
1148 1420 1222 1475 sunt
1244 1415 1392 1479 concilia.

262 1516 406 1599 Recepta
422 1514 517 1598 igitur
541 1513 601 1576 luit
625 1512 767 1578 secunda
791 1513 875 1577 Petri
897 1514 929 1577 in
950 1513 1084 1577 eeclesia
1106 1513 1217 1577 Lntina
1239 1524 1396 1602 tanquam

261 1618 436 1702 apostolica
453 1625 483 1680 et
497 1616 666 1681 canoniea.

305 1722 358 1785 17.
377 1720 457 1785 Cum
474 1719 609 1783 ecelesia
625 1719 734 1783 Latina
760 1720 900 1783 concinit
922 1718 1057 1791 ecclesia
1078 1718 1200 1785 Graeca.
1226 1719 1393 1807 Origenes,

261 1824 319 1886 etsi
334 1823 473 1886 fateatur
489 1819 531 1884 dc
545 1818 686 1885 secunda
699 1820 783 1883 Petri
794 1820 927 1905 ambigi,
937 1821 1004 1906 ipse
1019 1829 1127 1884 tamen
1138 1842 1210 1885 eam
1224 1823 1256 1886 in
1271 1845 1395 1889 canone

262 1927 375 2009 recipit
392 1933 424 1988 et
445 1933 481 1987 ut
499 1923 643 1986 divinam
662 1923 861 2007 scripturam
883 1923 996 2008 saepius
1022 1923 1140 2009 allegat
1164 1924 1223 2010 (5).
1249 1924 1395 1990 Concinit
1465 1930 1469 1936 ’

261 2026 428 2110 Eusebius,
449 2027 482 2089 S.
500 2026 704 2108 Athanasius,
722 2025 755 2090 S.
771 2025 904 2112 Cyrillus
921 2025 1239 2112 Hierosolymitanus,
1257 2027 1290 2092 S.
1308 2028 1394 2094 Grc-
1413 2059 1419 2069 ·

214 2194 216 2199 ,
261 2133 370 2216 gorius
387 2129 612 2211 Nazianzenus,
635 2128 743 2192 Canon
765 2127 992 2213 Apostolorum
1011 2129 1065 2213 st,
1085 2130 1255 2194 concilium
1274 2130 1397 2196 Laodi-

262 2255 392 2316 cenum,
415 2231 591 2296 secundam
613 2232 699 2296 Petri
720 2231 802 2295 inter
822 2232 1001 2317 Scripturas
1023 2233 1192 2297 canonicas
1214 2245 1392 2320 recensent,

263 2359 324 2401 nec
342 2335 383 2399 dc
407 2356 444 2399 oa
466 2334 602 2399 dubium
621 2343 752 2398 movent
770 2334 830 2421 (l).
856 2335 1012 2400 Eamdem
1034 2345 1069 2400 ut
1092 2334 1234 2402 divinam
1254 2339 1395 2423 allegant

262 2440 296 2502 S.
324 2435 514 2520 Methodius,
537 2438 569 2500 S.
594 2437 802 2522 Epiphanius,
828 2438 914 2501 Titus
937 2438 1125 2522 Bostrensis,
1151 2439 1183 2502 S.
1211 2441 1391 2522 Macarius,

262 2541 429 2627 Didymus,
456 2540 488 2603 S.
514 2541 613 2604 isaias
635 2541 826 2626 AEgyptius,
851 2541 984 2626 Cyrillus
1006 2541 1268 2627 Alexandrinus,
1295 2555 1326 2608 et
1359 2548 1394 2609 in

298 2835 333 2898 (ll
346 2835 416 2886 Hoer.
429 2835 472 2885 88.

295 2915 330 2980 (i)
343 2918 369 2967 S.
386 2916 552 2978 Hieronymus
567 2913 592 2963 in
605 2913 669 2964 libro
688 2914 725 2965 De
741 2913 797 2965 Vir.
812 2917 849 2966 ill.
865 2917 885 2979 l,
901 2919 936 2969 ait
954 2931 960 2968 ε
981 2935 992 2965 a
1008 2922 1117 2972 sesama
1132 2921 1221 2985 (Petri)
1235 2936 1249 2972 a
1263 2922 1392 2987 plerisque

261 2999 319 3061 ejus
329 3012 384 3049 esse
398 3006 513 3062 negatur,
527 3003 631 3060 propter
644 2996 701 3060 styli
716 3010 773 3047 cum
797 3000 881 3061 priore
905 3002 1091 3054 dissonantiam.
1116 3020 1127 3051 i
1151 3004 1206 3069 lpse
1229 3006 1393 3057 nihilominus

264 3073 400 3142 Epistolam
414 3087 534 3141 nuquam
548 3078 653 3129 indubie
663 3080 808 3130 santonicam
819 3082 909 3144 recipit
919 3084 946 3133 in
957 3085 1042 3149 Epist.
1055 3087 1091 3135 ad
1106 3086 1213 3138 Pontia.
1230 3096 1257 3138 et
1274 3089 1347 3139 Prot.
1365 3091 1395 3139 in

268 3163 314 3213 Vll
326 3162 412 3228 Epist.
425 3175 518 3212 esaon.
531 3161 557 3209 ln
568 3162 650 3225 Epist.
663 3163 699 3211 o‘i
712 3161 801 3213 Hedib.
815 3164 842 3225 9,
859 3166 900 3227 li,
914 3167 976 3217 hauc
987 3169 1045 3231 styli
1059 3169 1226 3221 differentiam
1237 3172 1290 3233 ipse
1302 3173 1397 3236 repetit

261 3260 294 3296 ex
308 3258 339 3295 eo
354 3245 422 3308 quod
440 3244 464 3294 S.
485 3243 578 3293 Petrus
594 3242 700 3293 diversis
714 3243 741 3293 in
753 3246 887 3297 scribendo
899 3262 963 3300 usus
978 3251 1011 3300 sit
1028 3252 1218 3315 interpretibus.
1237 3254 1398 3305 Recentiores

263 3328 377 3378 maurilli
398 3331 511 3389 exegetae
525 3326 660 3375 observant
676 3338 758 3376 unum
773 3329 945 3393 eumdemque
960 3339 1089 3384 auctorem
1107 3335 1171 3385 bene
1184 3348 1255 3398 posse
1273 3336 1313 3386 uti
1333 3336 1397 3398 stylo

261 3412 362 3462 diverso
377 3410 478 3473 qtrando
495 3407 533 3456 vel
549 3407 655 3457 diversis
673 3409 830 3471 temporibus
847 3410 945 3473 scribit,
966 3415 1003 3464 vel
1017 3416 1116 3466 diversa
1129 3399 1221 3468 tractat
1237 3423 1396 3480 argumenta.

295 3493 331 3554 (ὅ)
344 3492 476 3554 Origenes.
490 3488 583 3538 uomit.
602 3487 685 3539 Vilio
701 3489 769 3549 Jos.;
782 3491 922 3546 Comrncut.
940 3496 968 3545 in
984 3495 1070 3561 Epist.
1092 3498 1208 3549 adltom.
1229 3499 1295 3564 Opp.
1318 3506 1338 3549 t.
1355 3498 1397 3563 tt,

261 3576 308 3626 bol
321 3594 328 3634 3
343 3573 440 3625 llomil.
454 3573 464 3622 l
470 3575 489 3619 V
499 3571 528 3620 in
541 3571 565 3621 L¹
572 3585 597 3620 o.
615 3569 680 3634 Opp.
694 3577 714 3621 t.
729 3570 760 3634 ll,
772 3572 829 3635 iob,
839 3581 890 3626 etc.
904 3576 955 3628 Cir.
968 3577 1073 3647 Euseb„
1087 3579 1154 3630 Hist.
1169 3580 1238 3632 Eccl.
1250 3582 1291 3642 Vl,
1304 3581 1345 3633 itt.
1361 3582 1398 3633 An

262 3659 380 3711 Clemens
398 3653 582 3705 Alexandrinus
594 3652 728 3704 admiserit
742 3654 762 3703 ll
785 3655 855 3706 Petri
877 3658 1015 3721 Epistulam
1035 3675 1085 3711 non
1106 3662 1194 3726 liquet.
1216 3663 1268 3715 Cir.
1291 3664 1397 3733 bosch,

263 3741 331 3792 liist.
346 3737 415 3790 Eccl.
431 3735 472 3795 Vl,
490 3736 529 3785 li.
546 3735 572 3785 S.
591 3734 707 3785 tustinus
721 3737 753 3787 ad
767 3750 824 3787 eam
843 3752 989 3801 provocasse
1011 3743 1122 3805 videtur,
1140 3745 1206 3796 bini.
1228 3760 1287 3796 eurr
1308 3746 1397 3810 Tripi.

263 3836 289 3884 p.
306 3822 364 3872 508.
378 3816 538 3869 Firmilianus
550 3817 683 3879 episcopus
695 3816 867 3881 Cappadociae,
883 3823 961 3873 nnius
975 3837 1007 3874 er
1018 3824 1068 3875 illis
1082 3827 1197 3878 eeclesiis
1212 3829 1243 3879 ad
1264 3842 1327 3892 quas
1347 3829 1398 3879 Pe·

262 3912 320 3954 trus
334 3904 477 3965 scripserat,
498 3913 632 3962 provocare
648 3900 750 3951 ridetur
764 3901 796 3951 ad
816 3905 952 3956 secundam
971 3906 1050 3967 Petri,
1074 3910 1175 3971 quaudo
1188 3910 1252 3960 dicit
1269 3910 1296 3959 in
1310 3911 1398 3977 Epist,

245 3987 297 4039 ¹ort
314 3984 441 4049 Cppriua.
459 3982 565 4032 Petrum
581 3988 607 4031 et
622 3981 728 4031 Paulum
752 3982 778 4031 in
800 3984 854 4034 suis
874 3985 994 4049 Epistolis
1012 3989 1145 4041 haereticos
1160 3998 1292 4042 execratus
1309 3992 1398 4045 luisse.

262 4068 325 4117 Nam
339 4068 366 4118 S.
385 4067 477 4117 Petrus
491 4065 517 4113 in
531 4062 551 4112 ll
564 4063 674 4127 Epistola
686 4063 742 4114 inse
752 4064 845 4129 agitde
856 4068 989 4120 hereticis.

297 4149 332 4212 (⁴)
344 4147 480 4205 Eusebius,
489 4145 563 4196 lli-tl·
576 4144 647 4196 5⁶⁰1·
661 4143 703 4206 ΠΙ,
719 4147 744 4207 ὅ,
754 4144 795 4196 25.
809 4149 835 4198 S.
848 4149 969 4211 Athenas,
981 4152 1066 4217 Epist.
1078 4154 1138 4217 [est.
1154 4154 1186 4207 59
1198 4155 1261 4205 etin
1275 4157 1401 4223 synopsi,-

261 4233 289 4282 S.
304 4230 440 4292 Gregorius
453 4229 524 4291 Nan,
538 4228 631 4278 Carni.
644 4229 679 4278 od
689 4228 788 4280 Selene.
802 4237 828 4281 et
839 4232 931 4284 Currit.
949 4232 979 4284 ld
990 4236 1021 4287 de
1038 4237 1106 4287 omis
1116 4237 1214 4303 Script.
1227 4238 1293 4300 tibu-
1307 4241 1335 4292 S.
1349 4241 1400 4306 Cp-

265 4314 337 4362 rillns
352 4312 461 4372 Hieros,
479 4312 528 4361 Col
542 4309 583 4360 cb.
600 4308 640 4360 lV.
