3168 4948
260 314 323 377 296
482 334 681 376 ruraooucuo
699 334 847 376 sancitus
862 334 895 375 m
912 334 937 376 s.
957 332 1156 377 scaurum.

261 433 342 497 meri
358 454 398 496 ex
410 431 527 497 Judaeis
543 443 575 497 et
591 433 802 519 exgentibus,
819 432 967 497 omnibus
983 432 1086 515 bonis,
1101 432 1290 517 honoribus,
1304 432 1385 498 dcli-

261 539 318 602 ciis
340 560 373 602 se
395 539 624 624 spoliavissent,
650 539 757 603 omnia
782 537 879 618 mala,
906 545 1085 618 tormenta,
1123 546 1260 599 mortem
1284 537 1386 620 ipsam

261 640 479 704 sustinuissent
499 639 540 703 ad
558 638 818 724 amplectendum
836 636 1051 719 mendacium,
1073 635 1115 700 ad
1134 635 1311 701 credendas
1334 638 1386 700 fa-

261 741 354 807 bulas
377 765 433 807 seu
455 744 610 829 mythos?
631 745 682 808 An
717 744 891 828 potuissent
912 741 1058 805 homines
1090 742 1183 826 pauci
1208 741 1384 826 ignobiles,

261 845 373 929 infimi,
388 847 537 932 imperiti,
557 847 740 911 hominibus
753 845 854 911 doctis
867 855 897 908 et
907 843 1053 927 indoctis,
1067 842 1184 908 Judaeis
1197 853 1228 908 et
1241 846 1385 918 ethnicis,

261 948 506 1032 persuaderent
522 948 689 1014 crederent
710 949 781 1014 ficia
798 949 910 1015 Christi
927 949 1094 1031 miracula,
1112 947 1218 1011 fictam
1237 955 1385 1028 mortem,

261 1049 370 1114 fictam
383 1052 671 1117 resurrectionem?
685 1061 720 1116 ut
736 1050 903 1116 crederent
915 1072 952 1114 ea
966 1049 1094 1135 publice
1108 1060 1179 1114 acta
1192 1071 1271 1132 esse,
1287 1069 1388 1135 quum

260 1155 456 1218 contrarium
469 1154 650 1218 constaret?
661 1154 694 1217 Si
706 1155 774 1218 haec
788 1155 868 1217 falsa
881 1152 1024 1236 luissent,
1039 1153 1231 1216 miraculum
1243 1152 1387 1217 omnium

261 1256 437 1319 maximum
451 1255 561 1319 suisset
573 1254 685 1320 orbem
698 1256 882 1319 universum
893 1255 1000 1317 omnia
1011 1255 1080 1318 haee
1089 1263 1124 1317 ut
1135 1274 1210 1317 vera
1224 1253 1385 1316 habuisse.

307 1357 359 1420 15.
381 1381 395 1414 «
414 1357 486 1420 Tria
502 1366 574 1421 sunt
598 1355 811 1438 incredibilia,
829 1353 1093 1440 ait''Augustinus
1112 1356 1173 1442 (l),
1192 1374 1262 1441 quae
1281 1363 1389 1417 tamen

255 1458 460 1522 factasunt:
479 1458 665 1523 incredibile
680 1469 726 1524 est
739 1459 898 1523 Christum
913 1460 1120 1523 resurrexisse
1139 1479 1212 1522 cum
1229 1478 1343 1540 carne,
1360 1466 1390 1519 et

262 1564 295 1625 in
312 1563 427 1638 coelum
444 1563 622 1626 ascendisse
639 1584 712 1626 cum
730 1584 844 1644 carne,
864 1559 1051 1625 incredibile
1075 1571 1121 1624 est
1141 1559 1299 1624 mundum
1318 1580 1388 1623 rem

264 1673 330 1727 tam
347 1663 568 1728 incredibilem
585 1663 775 1748 ‹·redidisse;
793 1663 979 1728 incredibile
996 1672 1042 1726 est
1058 1664 1204 1727 homines
1220 1662 1388 1748 ignobiles,

264 1765 407 1849 infimos,
431 1768 647 1852 paucissimos,
673 1768 848 1852 imperitos,
872 1787 941 1830 rem
970 1776 1036 1830 tam
1060 1764 1294 1848 incredibilem,
1323 1774 1390 1828 tam

264 1868 436 1934 efficaciter
455 1868 577 1934 mundo
594 1879 626 1933 et
649 1871 682 1933 in
705 1871 760 1935 illo
784 1872 880 1934 etiam
900 1867 1002 1933 doctis
1024 1867 1216 1954 persuadere
1239 1868 1388 1954 potuisse.

264 1971 389 2035 Horum
412 1972 508 2036 trium
531 1971 768 2036 incredibilium
792 1974 934 2057 primum
957 1973 1070 2036 nolunt
1092 1972 1153 2052 isti,
1178 1991 1253 2034 cum
1274 1969 1390 2055 quibus

263 2072 405 2157 agimus,
429 2073 571 2158 credere,
598 2074 775 2139 secundum
799 2083 956 2159 coguntur
977 2084 1011 2138 et
1034 2095 1188 2157 cernere,
1216 2070 1303 2159 quod
1326 2093 1390 2136 non

264 2176 429 2240 inveniunt
444 2175 530 2241 unde
543 2177 582 2240 sit
593 2177 728 2261 factum,
742 2178 769 2242 si
781 2199 846 2242 non
859 2175 995 2241 credunt
1007 2177 1146 2240 tertium.
1167 2201 1181 2236 t>

322 2405 354 2467 4.
373 2407 399 2468 E
402 2404 537 2489 coopello
548 2429 619 2469 vero
631 2428 692 2471 esse
704 2408 902 2492 confirmetur
918 2409 1097 2471 testimoniis
1111 2406 1287 2470 Jadoeorum
1305 2416 1333 2469 et

723 2510 934 2576 Ethnicorum.

308 2737 361 2802 16.
375 2739 446 2801 Duo
459 2746 532 2800 sunt
542 2736 644 2801 Judaei
656 2739 836 2823 scriptores,
850 2739 904 2824 qui
914 2760 981 2803 aevo
993 2740 1108 2806 Christi
1121 2749 1151 2804 et
1163 2739 1390 2826 Apostolorum

263 2841 458 2927 seripserunt
475 2863 484 2904 t
501 2841 594 2905 Philo
611 2862 728 2927 nempe
750 2849 781 2905 et
800 2842 969 2927 losephus.
992 2843 1083 2908 Philo
1100 2844 1180 2907 nihil
1196 2842 1236 2906 de
1254 2843 1388 2924 Christo,

263 2966 369 3031 neque
385 2943 426 3008 de
447 2944 484 3007 iis
507 2964 577 3029 quae
601 2954 677 3009 tunc
700 2945 732 3008 in
756 2942 866 3008 Judaea
888 2955 976 3030 gesta
996 2954 1068 3008 sunt
1090 2945 1199 3027 refert,
1224 2946 1300 3030 quia
1324 2944 1391 3029 ipse

264 3068 430 3133 nunquam
442 3049 475 3110 in
491 3046 601 3111 Judaea
619 3047 690 3131 suit,
710 3045 766 3112 sed
784 3047 933 3112 continuo
950 3045 1153 3117 Alexandria
1176 3052 1391 3112 commoratus

262 3160 320 3214 est.
349 3150 424 3236 Ejus
441 3159 549 3213 autem
573 3149 646 3213 libri
667 3151 752 3214 circa
771 3150 875 3234 legem
899 3151 1071 3214 Mosaicam
1095 3157 1128 3212 et
1154 3148 1390 3234 philosophiam

263 3260 441 3316 versantur.
461 3251 577 3315 Mirum
592 3254 688 3338 igitur
704 3273 768 3317 non
784 3262 830 3316 est
843 3253 921 3316 nihil
934 3251 974 3316 de
987 3251 1109 3316 Christo
1121 3272 1291 3316 occurrere
1303 3249 1389 3335 apud

262 3355 432 3419 Philonem
445 3355 505 3440 (2).

306 3456 359 3519 17.
378 3457 548 3540 Josephus,
567 3477 651 3520 anno
668 3457 781 3522 Christi
796 3458 840 3520 57
856 3466 947 3521 natus
963 3467 994 3521 et
1010 3457 1162 3521 adfinem
1176 3456 1281 3520 saecuii
1294 3456 1389 3540 primi

262 3566 420 3641 mortuus,
444 3559 476 3621 in
500 3558 563 3621 suis
587 3558 737 3643 operibus
760 3558 801 3624 de
828 3559 913 3623 Bello
938 3572 966 3622 et
989 3561 1228 3645 Antiquitatibus
1252 3559 1390 3623 Judoieis

262 3659 364 3724 multa
388 3658 486 3724 habet
510 3658 550 3724 de
574 3659 696 3724 familia
720 3660 869 3745 Herodis,
896 3661 936 3726 de
959 3663 1072 3727 Pontio
1096 3664 1210 3745 Pilato,
1236 3659 1390 3725 desectis

261 3761 460 3846 Judoeorum,
475 3761 516 3827 dc
528 3771 611 3827 statu
623 3766 760 3849 regionis
776 3774 807 3829 et
819 3765 963 3830 moribus
975 3766 1097 3851 populi,
1109 3787 1182 3851 qua
1195 3764 1389 3830 adamussim
1458 3816 1461 3823 ,

263 3863 462 3930 concordant
476 3887 550 3930 eum
566 3867 748 3931 narratione
761 3866 1281 3955 evangelica,adeoquevamtatem
1289 3869 1391 3933 Evau-

297 4112 333 4175 (1)
346 4112 381 4163 De
395 4112 501 4163 civitate
515 4112 564 4164 Dra·
573 4111 648 4175 xxti,
658 4113 674 4163 t
685 4119 711 4164 et
721 4114 746 4166 8.

295 4192 332 4256 (2)
346 4194 409 4244 ilinc
425 4195 577 4258 intelligitur
596 4206 671 4256 quam
687 4194 814 4246 immerito
829 4193 859 4245 o.
878 4192 963 4243 henan
982 4203 1058 4254 opera
1082 4191 1195 4244 Philonis
1219 4192 1287 4244 inter
1308 4190 1390 4244 sontes

263 4271 376 4324 historia
403 4274 552 4338 evangelicae
570 4274 732 4325 recensuerit.
751 4274 823 4336 Quod
837 4273 911 4324 docta
927 4271 1103 4323 animadvertit
1117 4271 1155 4321 vir
1173 4273 1325 4324 acatholicus
1354 4273 1390 4326 ue

265 4353 408 4419 Pressenet,
421 4355 606 4418 lasus-Cirta,
622 4369 670 4408 sort
682 4361 772 4423 ternps,
784 4370 816 4407 sa
825 4358 872 4408 oie.
888 4355 969 4417 Paris,
982 4353 1045 4405 tcta
1057 4368 1083 4419 p.
1096 4351 1152 4405 ut.
