3132 4964
274 29 318 164 ‚⁶
342 37 403 177 3
427 2 578 217 ipio
605 97 638 129 ,.
671 36 791 136 nui
816 7 842 214 κ’
881 37 931 126 u·
961 33 1389 230 empuis,

269 265 335 329 108
492 283 691 347 101000001ιο
711 284 907 327 srrc1an1s1u
926 285 951 326 s.
972 284 1172 326 sonrrrnnau.

269 405 342 469 quae
359 383 443 447 diota
465 392 537 447 sunt
556 404 633 446 vcra
653 404 720 446 esse
741 381 938 465 creduntur;
957 383 1110 468 quoniam
1126 382 1224 446 mulla
1243 405 1263 446 a
1280 382 1406 461 Judeeis

269 487 352 550 falsa
369 496 399 550 ct
411 487 510 571 impia
522 484 609 549 dicta
621 507 688 548 csse
704 506 800 558 verax
815 485 978 570 Evangelii
995 485 1158 571 Scriptura
1178 495 1310 550 testatur
1327 510 1336 550 ε
1354 488 1406 551 sie

270 591 305 652 in
327 590 389 653 hoc
411 588 505 670 libro,
528 588 583 651 ubi
605 589 714 651 multae
737 609 880 673 porsonae
904 589 1017 652 locutae
1037 609 1105 651 esse
1121 597 1310 672 narrantur,
1333 611 1405 654 non
1492 626 1494 632 =

176 674 178 680 ¹
270 690 375 755 solum
388 689 467 776 quid
478 689 615 773 dicatur,
629 688 686 754 scd
699 712 717 754 a
731 691 903 777 quoetiam
916 689 1040 753 dicatur
1053 689 1323 755 considerandum
1337 694 1402 775 esi;
1454 732 1457 735 -

271 816 312 858 ne
328 795 445 879 passim
462 814 532 879 quae
550 794 583 856 in
598 803 707 858 sancto
724 793 868 880 quolibet
883 793 967 858 libro
987 794 1105 878 scripta
1122 803 1195 857 sunt
1210 794 1405 878 recipientes

270 917 425 981 cogamur
453 896 557 979 fateri,
581 895 670 1011 quod
694 896 788 980 absit,
812 918 888 961 vera
907 905 938 959 et
952 894 1039 981 justa
1063 895 1171 976 fuisse,
1190 917 1260 990 quoe
1283 898 1405 966 marito
1467 886 1495 983 ’Δ

235 1056 237 1060 i
270 1007 379 1081 sancto
395 998 538 1062 mulier'
531 997 681 1082 insipiens
701 998 932 1084 suggerebat..
939 995 1058 1077 .Quod
1074 1018 1139 1060 non
1156 985 1229 1061 ideo
1248 986 1403 1079 dixerim,

270 1102 346 1185 'quia
360 1101 413 1163 illi
419 1100 514 1163 amici
532 1123 551 1164 a
568 1100 703 1164 Domino
723 1101 899 1185 reprobati,
918 1109 948 1163 et
964 1099 1091 1184 abipso
1110 1109 1218 1164 sancio
1228 1101 1290 1163 De'i
1305 1118 1404 1164 serio
1439 1134 1443 1141 ·

270 1204 384 1267 morito
401 1204 532 1288 culpati,
548 1204 628 1267 nihil
640 1204 707 1267 veri
723 1204 811 1289 loqui
828 1212 1000 1287 potuerunt
1018 1225 1026 1265 ι
1045 1201 1102 1266 sed
1119 1203 1273 1288 quianon
1292 1203 1405 1266 omnia

270 1328 342 1392 quae
361 1308 456 1370 locuti
475 1317 548 1370 sunt
570 1328 647 1371 veru
669 1306 812 1390 putanda
836 1316 919 1371 sunt.
948 1307 1101 1387 Quamvis
1121 1307 1207 1370 enim
1228 1303 1411 1396 adversum¹
1498 1346 1501 1351 <

269 1408 333 1472 Job
355 1409 435 1471 nihil
459 1429 571 1471 verum
596 1393 757 1526 dixerunt,
777 1418 879 1494 potest
900 1418 1007 1472 tamen
1023 1430 1061 1471 ex
1081 1429 1192 1477 eorum
1211 1406 1404 1499 verbisdali-
1436 1478 1440 1486 q

270 1531 370 1596 quam
387 1531 498 1574 sanam
512 1505 702 1575 sententiam
717 1512 749 1574 in
767 1512 984 1576 testimonium
998 1512 1137 1575 veritatis
1153 1530 1326 1663 assumere,
1346 1502 1403 1594 qui
1481 1569 1483 1573 ,

272 1615 359 1679 novit
372 1615 532 1701 sapienter
550 1613 635 1680 dicta
652 1615 899 1701 discernerel)

325 1616 1456 1995 ribei-laqueeidmfss

100 1975 621 2217 Mylas
699 2032 865 2111 onrur
891 2032 987 2108 ιι
1010 2083 1105 2351 j<
1094 2046 1346 2282 myst

98 2152 117 2209 f
185 2162 217 2249 s
260 2150 314 2205 Τ’
356 2160 366 2195 l
409 2168 430 2201 ,ιι
495 2192 509 2224 f

34 2288 134 2364 s*
129 2166 217 2343 igi)
217 2278 317 2357 „pso
352 2328 361 2361 ἐ
348 2262 591 2452 dm
612 2289 708 2331 sacris
732 2288 927 2330 nnnnruouuu
951 2267 1092 2351 rossi(

290 2430 345 2567 111,
368 2481 551 2568 Antequam
564 2481 605 2546 de
623 2483 747 2566 scriptis
762 2482 904 2566 havidis,
923 2483 1103 2547 Salomonis
1119 2484 1432 2569 01Ρο0010100001·1

270 2608 415 2673 agamus,
435 2584 583 2670 quedam
604 2594 676 2648 sunt
691 2584 910 2669 praemittenda
927 2584 968 2648 de
986 2586 1073 2671 poesi
1089 2585 1311 2675 Hebraeorum,
1328 2611 1405 2675 quae

271 2715 310 2756 cx
322 2686 449 2774 objecto
462 2698 493 2751 et
506 2697 620 2751 natura
633 2709 691 2752 sua
704 2709 834 2772 prorsus
847 2710 938 2753 sacra
949 2699 997 2753 est
1009 2698 1105 2775 atque
1118 2687 1238 2753 divina.
1246 2689 1405 2776 Exprimit

305 2928 340 2989 (1)
351 2926 388 2977 111.
404 2927 435 2978 l).
449 2925 581 2987 llaneberg
591 2923 669 2988 (ilict.
683 2925 713 2974 de
723 2924 748 2973 lu
760 2924 871 2974 lle'vdlut.
885 2922 1003 2989 biblique,
1016 2929 1037 2973 t.
1049 2922 1070 2984 1,
1083 2937 1110 2987 p.
1121 2924 1179 2986 599)
1191 2924 1266 2975 habet
1278 2926 1409 2995 1000,Αο-

258 3008 368 3073 'gustini
398 3009 550 3060 sententiam
586 3014 707 3070 tanquam
739 3007 866 3072 egregiam
903 3007 1050 3070 quaestionis
1082 3008 1215 3070 propositae
1243 3009 1408 3060 solutionem.

272 3092 302 3142 b.
324 3092 406 3141 Welte
419 3103 433 3140 e
448 3096 535 3140 contra
549 3090 622 3152 nobis
639 3089 740 3139 ridetur
761 3091 788 3140 S.
805 3089 977 3152 Augustinum
995 3102 1046 3138 non
1060 3088 1214 3139 intellexisse
1232 3091 1333 3153 quando
1349 3092 1410 3154 eius

270 3173 422 3222 seutentiam
444 3171 526 3233 rejicit
544 3178 666 3233 tanquam
689 3171 793 3220 decreto
817 3170 916 3220 concilii
938 3169 1081 3220 Tridentini
1095 3184 1158 3221 sess.
1177 3170 1226 3221 IV.
1244 3173 1410 3222 contrariam.

270 3254 345 3302 iuxta
363 3253 447 3302 Welte
464 3253 571 3316 quaestio
594 3251 635 3301 de-
650 3252 782 3302 divinitate
812 3253 968 3315 singulorum
987 3252 1120 3301 effatorum
1142 3251 1200 3301 libri
1217 3253 1273 3303 lobi
1290 3251 1412 3304 facillime

271 3323 380 3384 solvitur
396 3335 442 3383 hoc
469 3333 553 3385 modo.
574 3334 670 3383 Auctor
689 3333 747 3384 libri
766 3333 812 3384 lob
838 3333 941 3396 inquit,
967 3333 1065 3396 dialogo
1085 3338 1171 3394 utens,
1190 3333 1280 3384 tonum
1300 3335 1411 3399 ejusque

270 3417 365 3466 amicos
381 3416 479 3465 inducit
502 3415 537 3465 ita
553 3416 688 3478 loquentes
707 3422 782 3466 ntea
799 3429 857 3479 quae
874 3416 959 3465 minus
982 3422 1052 3466 recte
1070 3415 1139 3466 dicta
1159 3416 1295 3479 separat-im
1312 3424 1409 3477 essent,

272 3500 298 3546 in
314 3504 368 3555 toto
385 3497 482 3560 dialogo
500 3498 660 3560 corriguntur
681 3504 707 3547 et
724 3498 822 3548 veritati
843 3511 919 3561 quani
939 3504 1027 3546 auctor
1049 3496 1104 3547 rull
1124 3497 1238 3549 stabilire
1260 3497 1408 3547 inseriiant.

219 3596 221 3600 ·
252 3577 256 3583 '
272 3580 352 3640 Verba
361 3579 445 3645 ,igitur
455 3580 663 3653 ‘adversariorum
678 3581 733 3649 lobi
749 3588 879 3644 nequeunt
895 3592 949 3630 esse
962 3580 1077 3630 absolute
1089 3585 1116 3629 et
1130 3593 1203 3644 00000
1217 3593 1292 3636 vera:
1307 3578 1410 3641 siquid
1465 3625 1469 3631 .

270 3669 356 3717 tamen
369 3663 453 3711 minus
467 3670 623 3713 reclamant
638 3664 727 3726 laisum
743 3675 794 3725 prae
807 3676 835 3712 se
850 3662 999 3721 branthoo
1013 3662 1063 3710 tale
1077 3674 1134 3711 esse
1150 3675 1181 3711 ex
1200 3661 1410 3724 responsionibus

270 3753 316 3795 aut
329 3758 360 3794 ex
372 3745 474 3807 prologo
485 3752 530 3793 aut
543 3758 577 3793 ex·
586 3746 684 3806 epilogo
696 3745 828 3794 evidenter
838 3744 1036 3794 demonstratur.
1051 3761 1062 3790 »
1079 3744 1147 3793 llanc
1156 3745 1306 3793 sententiam
1319 3744 1409 3806 pandit

270 3826 430 3876 doctissimus
441 3833 530 3875 auctor
541 3825 569 3872 >in
582 3838 656 3874 suurn
670 3825 890 3876 Commentariun
902 3826 931 3875 in
943 3825 990 3874 lob
1002 3824 1218 3888 supralaudatum
1231 3831 1258 3874 et
1270 3825 1385 3886 inopere
1399 3839 1405 3874 :

271 3908 451 3959 Dictionnaire
465 3907 593 3971 encyclop.
605 3912 635 3956 de
653 3907 680 3957 lo
694 3909 803 3974 relipiou
817 3909 960 3972 cattolique
976 3908 1077 3957 traduit
1089 3920 1142 3972 par
1157 3905 1288 3968 Goscbler,
1304 3907 1336 3956 ad
1350 3919 1406 3957 roc.

174 4023 179 4031 ·
270 3989 327 4040 lob·
348 3992 424 4045 Plura
443 3989 544 4053 egregia
557 3989 632 4039 habet
649 3991 680 4040 de
697 3990 782 4040 indole
798 3991 858 4040 libri
873 3990 927 4041 lobi
945 3990 976 4040 cl.
994 3995 1092 4050 auctor,
1106 3988 1178 4038 nobis
1194 3996 1278 4038 tamen
1295 3988 1406 4038 nimium

182 4083 184 4089 ’
271 4069 386 4121 tribuere
404 4071 505 4121 videtur
523 4069 572 4120 arti
594 4069 693 4132 poetico
706 4071 732 4119 in
751 4071 797 4132 100
813 4071 879 4122 libro
895 4069 1049 4122 conficiendo
1065 4077 1091 4120 et
1107 4076 1226 4134 unquam
1241 4069 1298 4120 bera
1312 4069 1408 4120 babere
1458 4081 1463 4090 ·

272 4152 345 4214 plura
355 4164 411 4214 quae
426 4151 542 4202 historice
554 4157 625 4215 gesta
640 4151 718 4203 fuisse
731 4158 861 4215 putamus.
1043 4197 1046 4205 ,

305 4232 340 4297 (b)
352 4233 403 4283 Clr.
417 4234 516 4295 Lowtn,
531 4234 566 4284 Dc
574 4246 654 4284 sacra
662 4237 735 4300 poesi
745 4235 912 4287 Hebroeorom
922 4249 980 4287 oum
990 4234 1060 4286 uotis
1072 4233 1207 4291 Michaelis
1215 4236 1296 4287 edidit
1306 4234 1406 4287 Roscia-

272 4316 373 4366 muller.
391 4311 492 4379 Lipsiae,
510 4317 582 4367 18111.
