3168 4948
274 336 349 378 rans
362 335 397 376 n.
415 332 508 374 canor
520 331 567 372 n1.
586 329 624 370 nx
637 328 760 372 ommim
772 331 808 372 ar
820 331 978 374 sucronrr.
994 333 1038 375 rr.
1048 334 1181 378 svaros.
1228 316 1292 381 505

169 435 276 500 forent
295 431 471 520 rejiciendi.
491 431 548 494 His
564 429 743 515 praemissis,
765 428 929 494 videamus
945 452 987 494 au
1008 452 1120 496 revera
1140 435 1173 497 S.
1192 435 1291 500 Lucas

171 546 291 622 pugnet
305 558 380 601 cum
395 535 546 619 Josepho.
1272 556 1274 561 ’

213 638 456 723 euvangeliste
467 639 511 701 ait
522 634 608 712 εᾶυτη
620 637 895 727 ὴάπογραφὴπρώτη
908 638 1013 725 ἐγένετο
1024 641 1227 727 ἡγεμιιεὺιντος
1241 652 1291 715 τῆς

169 743 273 832 Συρίας
289 740 449 830 Kopnn'oo:
468 743 540 804 Heee
562 742 719 826 descriptio
740 745 843 826 primo
864 743 945 826 sacto
968 756 1021 817 est,
1044 745 1172 828 praeside
1194 746 1292 830 Syrie

170 846 300 933 Cprino.
331 848 432 911 Porro
455 866 519 908 non
553 866 618 909 una
647 854 694 909 est
724 847 840 909 horum
864 845 1036 909 verborum
1060 849 1288 932 interpretatio.

168 949 319 1013 Nonnulli
343 968 455 1012 rocem
474 948 571 1034 πρώτη
590 956 718 1011 sumunt
733 969 792 1032 pro
811 969 933 1035 nperepa
945 951 1043 1032 prior,
1067 953 1153 1033 prior
1177 950 1290 1035 Cprino

151 1053 319 1136 ,pr-reside,
342 1050 375 1114 id
398 1059 455 1134 est,
479 1054 660 1136 priusquam
685 1049 817 1135 Cyrinus
840 1062 914 1115 esset
934 1072 1056 1135 preses.
1082 1052 1203 1116 Docent
1225 1074 1289 1117 non

168 1153 278 1218 deesse
295 1153 442 1238 exempla
465 1152 581 1239 quibus
601 1152 731 1237 probari
751 1154 847 1237 possit
864 1174 977 1216 vocem
996 1156 1092 1240 πρώτη
1113 1157 1175 1220 hoc
1197 1177 1290 1221 sensu

168 1258 316 1342 usurpari
331 1257 391 1342 (l).
400 1252 502 1320 ltuxta
515 1278 569 1320 eos
584 1256 679 1340 igitur
691 1255 789 1320 verba
803 1257 894 1319 Lucae
906 1257 992 1320 hunc
1004 1258 1124 1322 habent
1136 1280 1264 1324 sensum
1280 1285 1288 1324 ε

168 1363 241 1424 Here
270 1362 428 1445 descriptio
457 1360 537 1446 foeta
567 1370 610 1423 cst
635 1362 816 1444 prinsquam
842 1358 974 1445 Cyrinus
997 1371 1105 1445 preses
1130 1370 1204 1428 esset
1225 1365 1288 1449 Sp-

167 1466 233 1526 rioe.
258 1463 328 1526 Hac
351 1463 621 1547 interpretatione,
648 1463 673 1524 si
696 1462 735 1525 sit
758 1460 965 1544 admittenda,
992 1465 1106 1544 omnis,
1132 1473 1167 1527 ut
1190 1475 1287 1549 patet,

168 1564 338 1630 difficultas
355 1566 487 1629 tollitur.

212 1669 244 1731 6.
264 1669 296 1730 Si
312 1677 420 1731 autem
436 1665 535 1730 verba
549 1667 641 1729 Lucae
661 1687 755 1729 sensu
771 1665 865 1730 obvio
881 1678 1058 1751 sumantur,
1073 1669 1116 1732 ita
1132 1680 1166 1732 ut
1181 1672 1290 1734 Evan-

167 1771 278 1853 gelista
301 1768 416 1833 dixerit
442 1769 527 1832 hanc
560 1766 806 1852 descriptionem
835 1769 953 1832 factam
979 1791 1044 1833 esse
1069 1771 1128 1835 suh
1151 1771 1287 1857 Cyrino,

167 1872 264 1957 Syriae
281 1870 426 1957 praeside,
447 1872 563 1935 volenti
581 1872 699 1934 Lucam
717 1891 790 1934 cum
805 1870 943 1956 Josepho
963 1892 1154 1956 componere
1172 1872 1290 1959 duplex

166 1973 364 2038 admittenda
389 1983 436 2037 est
458 1972 628 2058 descriptio
651 1971 834 2058 duplexque
855 1975 958 2059 Cyrini
975 1977 1007 2038 in
1027 1976 1149 2060 Syriam
1168 1979 1287 2041 missio.
1342 2017 1345 2020 ·

167 2079 266 2143 Porro
283 2099 351 2141 rem
370 2080 413 2141 ila
431 2099 465 2141 se
482 2077 601 2140 habere
619 2077 758 2161 plurima
778 2075 923 2140 suadent.
947 2079 1071 2141 Etenim
1089 2078 1195 2143 differt
1216 2102 1289 2144 om-

167 2183 243 2246 nino
259 2203 382 2263 census,
397 2179 437 2244 de
451 2202 514 2265 quo
528 2182 592 2265 agit
603 2180 772 2264 Josephus,
787 2179 879 2244 abeo
894 2202 990 2266 quem
1003 2183 1103 2245 Lucas
1118 2195 1286 2249 memorat.

166 2285 262 2371 Apud
282 2286 457 2369 Josephum
476 2284 619 2369 (Antiqq.
640 2284 757 2349 XVlIl.
776 2283 805 2368 Ι)
825 2284 954 2370 Cyrinus
978 2288 1010 2349 in
1032 2286 1154 2371 Syriam
1176 2289 1290 2354 missus

166 2398 214 2452 est
225 2410 244 2452 a
256 2389 377 2454 Caesare
393 2396 427 2450 ut
438 2386 488 2473 jus
505 2388 623 2472 populo
640 2385 789 2451 redderet
807 2396 837 2450 ct
853 2409 964 2452 census
978 2389 1166 2453 facultatum
1181 2402 1290 2476 ageret

165 2502 197 2556 et
214 2492 300 2556 hona
316 2491 465 2555 Archelai
482 2489 558 2555 fisco
582 2489 756 2554 addiceret.
783 2491 862 2554 Cum
881 2513 918 2554 co
937 2494 1049 2556 missus
1067 2503 1114 2557 est
1132 2494 1288 2578 Coponius

166 2617 242 2659 eum
254 2616 376 2659 summa
396 2595 427 2657 in
446 2594 572 2658 Judaeos
586 2602 752 2678 potestate.
772 2595 872 2678 Igitur
887 2595 971 2680 apud
990 2597 1165 2680 Josephum
1183 2619 1288 2663 sermo

167 2707 214 2761 est
236 2697 277 2761 dc
299 2698 494 2781 descriptione
515 2697 669 2769 bonorum,¹
688 2716 759 2782 quae
783 2718 801 2759 a
822 2697 936 2782 Cyrino
957 2707 1022 2761 eta
1044 2699 1185 2781 Coponio
1206 2721 1287 2763 eon-

163 2801 301 2885 y'unctim
325 2799 437 2867 effecta
458 2807 505 2862 est
528 2807 599 2883 post
622 2798 752 2861 exilium
777 2798 926 2862 Archelai
943 2819 1004 2879 seu
1026 2797 1140 2862 decem
1163 2801 1288 2864 circiter

165 2924 267 2965 annos
282 2911 353 2986 post
365 2900 524 2965 Christum
537 2910 659 2964 natum.
674 2901 885 2985 Nequaquam
900 2909 1007 2963 tamen
1025 2910 1120 2983 negat
1131 2901 1287 2984 Josephus

166 3005 314 3090 Cyrinum
338 3013 430 3068 antea
444 3002 514 3089 jam
536 3004 667 3067 missum
684 3003 782 3066 fuisse
798 3003 831 3065 in
850 3001 983 3088 Syriam.
1004 3002 1049 3065 De
1069 3003 1130 3066 hac
1147 3024 1182 3065 rc
1204 3004 1283 3067 silet.

165 3106 373 3172 Solummodo
386 3108 496 3171 asserit
510 3107 658 3192 Cyrinum
674 3106 810 3170 omnibns
826 3105 1048 3189 mopistrotibns
1061 3104 1132 3190 jam
1148 3107 1285 3190 perfun-

164 3220 251 3273 ctum
268 3210 376 3274 fuisse.
401 3211 553 3293 Experto
572 3210 667 3293 igitur
686 3208 816 3293 Josephi
836 3207 914 3270 nihil
934 3206 1081 3291 prohibet
1101 3209 1282 3292 quominus,

164 3313 190 3374 si
210 3311 397 3375 sufficientia
413 3310 516 3375 adsint
530 3311 720 3399 testimonia,
738 3309 941 3374 admittamus
959 3308 1120 3394 duplicem
1132 3309 1235 3395 Cyrini
1252 3310 1283 3374 in

164 3413 286 3497 Syriam
303 3415 497 3478 missionem.

209 3517 240 3578 7.
260 3516 359 3579 Porro
376 3516 408 3579 S.
427 3517 527 3579 Lucas
546 3517 621 3601 agit,
637 3537 700 3579 non
716 3514 757 3580 de
771 3537 859 3580 censn
871 3516 1024 3589 bonorum,
1039 3514 1094 3578 sed
1112 3515 1152 3579 de
1170 3517 1284 3580 deseri-

164 3619 266 3700 ptione
281 3617 455 3707 (ἀπογραφή)
465 3640 676 3703 personarum.
691 3620 754 3681 Ista
765 3628 872 3682 autem
884 3616 1053 3703 descriptio
1067 3627 1140 3682 ante
1154 3640 1283 3682 censum

164 3736 184 3781 a
207 3718 344 3804 Josepho
367 3729 581 3784 memoratum
600 3729 730 3806 peracta
753 3721 859 3784 fucrit.
886 3721 967 3784 Nam
988 3722 1185 3805 Evangelista
1212 3741 1283 3783 cam

163 3830 257 3884 uocat
277 3826 411 3907 primum
434 3822 474 3887 ad
495 3821 727 3889 distinctionem
751 3845 826 3887 sanc
847 3825 990 3897 seconde,
1010 3821 1050 3886 de
1071 3845 1135 3908 qua
1153 3821 1282 3908 quidem

162 3945 227 3987 uon
255 3925 319 4009 agit
340 3926 453 4008 Lucas,
475 3925 557 3989 benc
583 3947 657 3989 vero
678 3926 846 4011 Josephus.
871 3924 1008 3989 Aliunde
1032 3935 1139 3989 autem
1162 3933 1283 3989 constat

162 4026 331 4109 Quirinum
353 4028 402 4093 his
427 4030 459 4092 in
483 4030 604 4114 Syriam
630 4028 795 4113 praesidem
819 4030 948 4093 missum
973 4030 1067 4093 fuisse
1090 4028 1149 4114 (ι).
1176 4030 1282 4092 Prima

196 4272 233 4334 (l)
247 4272 288 4322 Sic
300 4272 377 4321 loon.
387 4271 407 4332 l,
421 4272 461 4332 ts,
477 4272 528 4322 ιιι
544 4272 611 4321 Ante
625 4285 664 4321 me
673 4274 805 4336 soetnsest
814 4276 874 4338 quio
884 4276 961 4338 prior
971 4274 1058 4340 (spem
1075 4277 1127 4337 pro)
1140 4282 1252 4327 meerot.
1309 4304 1315 4314 ·

196 4352 233 4419 (Ξ)
249 4353 276 4403 ln
292 4354 455 4417 inscriptione
474 4355 608 4405 Tiburtino
625 4355 746 4406 asseritur
769 4356 911 4418 Quirinium
926 4362 1018 4409 nram
1036 4361 1283 4424 tanquamtegatum
