3134 4934
238 294 302 360 562
467 314 667 359 rnrrouucrrc
683 316 830 360 essenus
845 316 878 360 nr
897 317 923 361 s.
941 314 1142 360 scarorum.

239 416 272 477 in
285 415 400 479 virtute
414 423 446 478 et
457 415 593 479 lectione
608 436 773 480 sacrarum
786 416 1036 501 scripturarum,
1057 425 1088 479 et
1105 416 1200 479 instet
1212 414 1370 500 praediea·

239 518 316 581 tioni
334 519 367 580 in
383 539 438 602 spe
455 527 579 581 aeternae
590 519 662 582 vita
681 499 861 608 (ΙΙΙ-ΝΠ
885 596 887 599 ,

150 626 193 721 j„
285 620 315 684 8.
340 620 425 683 Titus
448 630 477 682 et
494 617 599 712 »insuto
623 601 892 732 Cretensiullitus
918 638 957 682 ex
984 619 1171 719 parerQbus
1201 618 1380 705 &Q

116 622 148 804 A
240 731 333 786 natus
360 705 521 827 (πα-ψ)
538 721 635 784 Divus
658 721 777 784 Paulus
802 743 876 785 eum
899 742 932 785 se
956 722 1118 786 conferret
1140 743 1179 785 ex
1202 721 1373 786 Antiochia

239 823 470 907 lerosolymam
484 821 526 885 ad
544 820 788 906 interrogandos
804 822 973 907 Apostolos
991 821 1031 887 de
1050 822 1273 888 observatione
1294 824 1373 907 legis

240 926 386 990 Mosaicre
401 925 523 988 ritualis
541 945 650 988 seeum
665 926 836 1009 assumpsit
852 926 969 1008 Titum,
988 947 1085 1010 quem
1109 948 1174 990 non
1199 936 1374 1011 coegerunt

239 1028 384 1113 Apostoli
396 1036 432 1092 ut
444 1027 719 1092 circumcisionem
732 1028 903 1113 acciperet.
922 1026 1012 1092 Adeo
1033 1050 1125 1092 carus
1138 1038 1207 1092 erat
1218 1027 1372 1115 Apostolo

240 1132 349 1214 Titus,
383 1139 418 1193 nt
440 1130 472 1197 S.
499 1130 618 1193 Paulus
642 1128 683 1192 de
708 1151 746 1193 eo
770 1129 885 1194 dixerit
914 1129 956 1194 ad
979 1129 1229 1216 Corinthios-(2)
1250 1152 1284 1194 se
1307 1138 1373 1193 nou

240 1232 390 1296 habuisse
413 1231 446 1294 in
469 1228 593 1294 Troade
617 1231 774 1315 requiem,
797 1232 873 1315 quia
895 1231 939 1294 ihi
963 1252 1028 1309 non
1050 1232 1217 1295 invenerat
1238 1231 1373 1321 tratrem

241 1355 333 1398 suum
346 1335 461 1397 Titum.
477 1334 578 1397 Porro
591 1321 761 1417 Apostolus
778 1335 905 1396 tortium
918 1355 1075 1419 peragens
1086 1336 1146 1398 iter
1162 1336 1375 1419 apostolicum

242 1438 337 1519 misit,
355 1446 391 1499 ut
410 1435 534 1501 videtur
549 1433 592 1499 ab
606 1436 744 1520 Epheso,
762 1436 867 1498 Titum
887 1435 929 1500 ad
945 1436 1135 1521 Corinthios,
1153 1438 1270 1523 quibus
1287 1438 1374 1501 Titus

243 1541 456 1625 gratissimum
472 1559 505 1601 sc
518 1538 676 1622 praestitit.
686 1536 831 1601 chebat
847 1539 932 1602 Titus
947 1537 990 1603 ad
1009 1538 1197 1624 Apostolum
1215 1537 1374 1603 Troadem

243 1645 364 1726 venire,
384 1641 439 1706 sed
463 1642 522 1726 ipsi
544 1641 681 1706 occurrit
701 1639 868 1704 dumtaxat
894 1643 925 1705 in
956 1642 1156 1727 Macedonia,
1174 1665 1192 1707 a
1214 1664 1373 1729 quocum

244 1744 276 1807 S.
299 1744 419 1809 Paulus
441 1751 557 1806 statum
583 1743 724 1806 ecclesiae
747 1740 957 1807 Corinthiacus
977 1742 1140 1808 didicisset
1162 1767 1272 1809 rursus
1296 1765 1371 1808 eum

243 1847 430 1922 Corinthum
443 1845 604 1929 ablegavit
614 1844 673 1930 (ὅ).
692 1845 805 1909 Postea
818 1847 903 1909 Titus
919 1848 1058 1911 Romam
1074 1846 1116 1910 ad
1134 1847 1322 1932 Apostolum
1337 1869 1371 1911 se

242 1949 385 2033 contulit,
406 1947 493 2012 unde
512 1949 545 2010 in
560 1947 753 2010 Dalmatiam
769 1948 882 2012 missus
903 1957 949 2013 est
966 1949 1025 2035 (4).
1043 1951 1157 2014 Insula
1176 1949 1275 2014 Creta
1298 1953 1371 2035 epi-

243 2074 357 2137 scopus
381 2053 565 2115 constitutus
582 2049 626 2114 ibi
650 2051 778 2114 relictus
793 2050 836 2114 ab
855 2052 1008 2136 Apostolo
1031 2053 1103 2136 fuit,
1117 2062 1152 2117 ut
1168 2075 1205 2117 ea
1226 2075 1297 2140 quae
1309 2052 1371 2117 de-

244 2167 335 2221 erant
351 2157 524 2241 corrigerct
545 2165 575 2218 ct
589 2155 793 2218 constitueret
813 2176 871 2240 per
885 2157 1025 2223 civitates
1046 2156 1246 2243 presbyteros
1260 2158 1300 2242 (Ι,
1323 2156 1369 2242 5).

138 2332 142 2335 ,
244 2262 341 2343 Titus,
357 2269 391 2322 ut
403 2281 441 2322 ex
455 2259 648 2342 Hieronymo
662 2255 824 2340 discimnr,
840 2258 957 2322 coelebs
969 2261 1155 2344 permansit,
1164 2269 1374 2344 mortuusque

37 2344 77 2443 ,vl
99 2320 168 2511 (Γ)
176 2366 201 2464 l,
245 2372 303 2444 est,
317 2362 410 2448 juxta
426 2359 600 2423 Eusebium
614 2359 674 2443 (5),
689 2360 721 2421 in
738 2361 841 2423 insula
858 2359 949 2424 Creta
967 2382 1068 2424 annos
1082 2371 1176 2425 natus
1193 2340 1249 2473 919
1266 2363 1374 2426 Insula

34 2442 51 2483 Ψ
205 2439 214 2480 ⁸
245 2466 350 2547 Creta,
364 2461 606 2560 hodithdto,
624 2462 701 2525 olim
717 2451 939 2527 florentissima
954 2463 1029 2543 suit.
1044 2465 1192 2542 Romana
1206 2465 1374 2549 provincia

246 2567 332 2630 facta
345 2574 412 2628 erat
423 2564 441 2626 J
444 2563 615 2649 udaeosque
631 2565 739 2648 plnres
752 2565 833 2640 inter
846 2585 918 2627 suos
935 2565 1020 2628 cives
1032 2564 1224 2630 numerabat
1244 2564 1376 2652 quaudo

247 2671 360 2757 Christi
395 2667 479 2731 fides·
506 2668 678 2752 propagari
713 2668 817 2751 cupit.
851 2667 1005 2748 Quisnam
1029 2671 1151 2753 primus
1174 2669 1377 2734 Cretensibus

248 2773 345 2838 fidem
368 2771 603 2835 annuntiaverit
626 2792 700 2834 non·
714 2778 857 2853 constat3
879 2770 1012 2835 sortasse
1036 2772 1082 2835 illi
1105 2772 1196 2836 fuere
1214 2773 1377 2838 Cretenses

249 2878 305 2963 qui
318 2875 521 2959 lerosolymis
535 2872 670 2937 aderant
685 2875 718 2936 in
733 2872 785 2937 die
797 2874 990 2939 Pentecostis
1003 2876 1062 2961 (6)
1080 2876 1112 2938 S.
1127 2876 1246 2939 Paulus
1261 2877 1293 2939 in
1315 2877 1378 2940 hac

185 3009 186 3013 ¹
248 2980 352 3044 insula
367 2978 576 3062 Evangelium
591 2977 790 3063 annuntiavit
815 2987 856 3058 et,
877 2978 1050 3041 constitutis
1075 2980 1214 3043 ecelesiis
1234 2981 1267 3043 in
1282 2981 1378 3043 variis

250 3080 441 3162 civitatibus,
458 3081 587 3166 reliquit
599 3079 643 3144 ibi
660 3081 763 3144 Titum
777 3090 811 3143 ut
823 3102 903 3165 opus
919 3083 1093 3166 ineoeptum
1109 3066 1307 3167 perficeret]

93 3186 191 3269 “sse
295 3188 326 3250 9.
345 3188 452 3258 hocas,
469 3196 586 3268 tempus
603 3195 630 3246 et
646 3205 735 3246 conso
757 3183 920 3247 scribenda
938 3184 1085 3269 Epistola
1102 3186 1142 3248 od
1166 3187 1279 3248 Titum.
1305 3185 1378 3248 Non

55 3258 131 3355 ‘Ml'
156 3264 211 3367 ⁹7
251 3290 325 3354 satis
345 3296 467 3352 constat
488 3267 630 3372 quondm
653 3286 723 3350 loeo
744 3296 799 3350 aut
818 3307 959 3372 quonam
982 3295 1133 3372 tempore·
1146 3289 1262 3372 scripta
1282 3287 1379 3351 fuerit

103 3362 114 3405 l
252 3393 392 3478 Epistola
417 3388 458 3454 ad
483 3390 598 3452 Titum.
626 3389 732 3470 Quare
756 3390 894 3453 multum
917 3391 1042 3454 variant
1064 3392 1096 3454 in
1122 3391 1181 3454 liae
1205 3392 1379 3476 quaestione

252 3497 412 3560 sententiae
425 3494 645 3556 auctorumln
659 3492 943 3578 subscriptionibus
955 3495 1096 3578 plurium
1110 3492 1257 3558 codicum
1269 3495 1380 3558 HKLS

253 3600 332 3662 etin
352 3594 550 3661 versionibus
567 3597 689 3680 coptica
710 3605 741 3659 et
763 3597 883 3681 syriaca
901 3596 1074 3681 posteriore
1094 3597 1209 3681 legitur
1228 3598 1380 3682 scriptam

197 3727 200 3731 ·
253 3722 320 3765 essc
337 3721 355 3763 e
375 3698 520 3783 Nicopoli
548 3700 580 3762 in
602 3696 800 3763 Macedonia.
825 3698 872 3761 De
894 3707 1039 3784 tempore
1061 3708 1169 3762 autem
1192 3700 1245 3763 alii
1268 3708 1383 3783 putant

285 3940 321 4002 u)
333 3938 388 3988 car.
405 3936 435 3997 u,
453 3938 495 3988 1-3

285 4021 540 4087 muman

285 4102 356 4169 (nn
371 4103 436 4153 cor.
451 4099 481 4160 u,
501 4100 539 4161 ra
556 4100 609 4163 vu,
624 4101 693 4166 era
706 4101 768 4165 uu,
785 4101 869 4152 rear.
941 4089 942 4092 ’

286 4188 321 4250 (n
333 4187 360 4236 u
376 4186 439 4236 nm.
454 4185 547 4245 rv‚1o.

285 4268 321 4331 (5)
337 4266 404 4316 Hist.
418 4266 486 4317 Eccl.
503 4265 545 4327 lll,
558 4267 582 4316 l.

287 4350 322 4415 (a)
336 4349 393 4399 Aa.
407 4346 436 4409 u,
451 4349 474 4397 r.
