3132 4964
253 261 315 331 152
379 252 381 258 ¹
417 280 419 283 ’
469 282 669 323 mraouocrro
689 282 837 324 sanemus
853 282 886 322 m
904 281 930 324 s.
952 280 1152 329 scararum.

252 381 312 443 latae
334 382 484 464 scripturn
512 383 545 442 io
569 380 693 445 auribus
717 383 834 444 vestris.
859 379 942 460 Quia
959 380 1054 463 igitar
1077 388 1122 443 tot
1141 388 1172 443 ct
1188 388 1275 444 tanta
1298 403 1387 467 sup-

252 483 434 568 peditantur
460 505 500 545 cx
519 482 688 547 traditione
705 491 893 567 argumenta
919 483 1038 545 mirum
1058 503 1122 546 non
1143 492 1189 545 est
1217 484 1387 547 neminem

251 596 325 650 ante
353 586 580 651 Rationalistas
605 607 718 649 ausum
742 585 838 649 fuisse
862 584 1010 648 vaticinia
1033 584 1122 648 Isaiae
1147 584 1239 649 alteri
1257 587 1385 650 auctori

253 685 404 749 tribuere.
1050 758 1052 762 ,

54 764 786 880 .,;ἐζιῧωῃιωῄαωμῶωψωξυωοηῑε
809 792 939 854 internis
962 792 1147 855 lulciuntur.
1181 790 1385 855 Conveniunt

252 890 467 954 Rationalistae
483 893 577 955 lsaim
597 894 675 978 stylo
696 903 837 977 compto,
857 894 1006 978 eleganti,
1024 892 1165 975 sublimi,
1186 914 1251 977 prae
1266 894 1383 957 ceteris

253 991 404 1074 eminere,
423 1014 462 1057 ac
477 995 614 1057 rariores
631 993 717 1081 apud
735 996 840 1080 ipsum
852 995 986 1081 reperiri
1000 1016 1095 1075 voces
1110 993 1302 1077 chaldaicas.
1320 996 1382 1058 Hae

253 1101 359 1155 autem
373 1091 462 1156 dotes
474 1094 587 1158 nullibi
600 1096 702 1179 magis
716 1095 925 1160 observantur
938 1117 1036 1182 quam
1049 1097 1129 1160 iniis
1141 1097 1295 1161 vaticiniis
1307 1116 1382 1181 quae

252 1195 311 1278 ipsi
324 1192 534 1280 denegantur.
554 1196 637 1278 Quid
655 1199 838 1282 praeclarius
854 1198 1009 1262 vaticiniis
1024 1199 1086 1262 illis
1105 1197 1258 1262 adversus
1270 1198 1382 1284 Baby-

253 1297 373 1379 lonem,
388 1319 459 1383 quae
472 1320 566 1384 capp.
581 1300 744 1366 XIII-XIV
756 1300 962 1375 referuntur?
975 1321 1045 1385 quae
1057 1310 1165 1365 tamen
1176 1302 1280 1386 capita
1291 1300 1381 1364 Isaiae

254 1397 414 1484 denegant
430 1402 569 1482 Maurcr,
588 1401 709 1486 Errald,
729 1403 776 1466 De
792 1404 912 1485 Wettc,
932 1403 1062 1468 Knobel
1076 1413 1107 1467 ct
1121 1404 1277 1469 Umbreit.
1296 1403 1381 1467 Hinc

254 1504 321 1588 ipsc
352 1502 504 1567 Gesenius
530 1505 673 1568 assentiri
704 1507 828 1590 cogitur
850 1503 974 1590 judicio
995 1506 1104 1569 Lowth
1132 1507 1185 1590 qui
1212 1507 1271 1569 isto
1290 1506 1380 1568 Isaiae

256 1605 396 1667 carmine
413 1605 491 1667 nihil
508 1606 673 1670 sublimius
691 1608 724 1670 in
743 1608 889 1671 universa
910 1607 1119 1672 Hebraeorum
1142 1611 1230 1694 poesi
1245 1608 1380 1673 inveniri

255 1702 404 1767 affirmat.
434 1703 629 1768 Confitentur
648 1706 744 1769 etiam
768 1707 984 1770 Rationalistaa
1007 1707 1143 1789 clarum,
1164 1729 1293 1793 purum,
1315 1709 1380 1771 imo

256 1815 287 1868 et
313 1804 493 1869 fluidiorem
513 1828 580 1870 esse
598 1809 713 1892 stylum
729 1809 849 1873 ultimae
867 1809 965 1895 partis
983 1808 1057 1873 inde
1082 1832 1102 1874 a
1123 1832 1196 1895 cap.
1225 1812 1291 1875 XL.
1308 1811 1382 1874 Iam

255 1921 363 1975 autem
391 1933 495 1976 sermo
516 1913 560 1976 ita
584 1934 694 1997 purus,
727 1914 841 1996 facilis,
866 1916 1008 1999 elegans,
1032 1915 1095 1991 alia
1115 1923 1260 1999 tempora
1279 1915 1386 1978 minus

256 2013 440 2077 turbulenta
463 2035 562 2100 quam
587 2015 641 2078 illa
666 2016 855 2100 captivitatis
872 2016 1075 2102 Babylonica
1093 2019 1221 2102 expetit.
1242 2019 1385 2091 Erronee
1487 2094 1489 2097 Ι

256 2116 351 2201 igitur
370 2117 586 2180 Rationalistae
609 2117 693 2182 banc
716 2128 841 2203 partem
861 2121 982 2183 auctori
1004 2121 1111 2204 ignoto
1132 2120 1216 2183 circa
1236 2128 1383 2204 tempora

256 2219 445 2302 captivitatis
467 2219 584 2283 viventi
614 2219 768 2284 tribuunt.
795 2221 952 2284 Praeterea
976 2221 1009 2284 in
1032 2221 1108 2306 ipsis
1127 2221 1188 2296 illis
1212 2218 1380 2305 capitibus,

256 2342 327 2406 quae
350 2304 523 2385 adversarii
546 2321 704 2407 rejiciunt,
731 2323 934 2388 inveniuntur
955 2325 1129 2389 locutiones
1146 2323 1235 2387 Isaiae
1250 2323 1382 2387 omnino

255 2423 392 2508 propriae
408 2471 416 2503 ,
435 2444 513 2514 ¹quae
533 2422 620 2508 apud
641 2425 782 2509 reliquos
809 2425 849 2491 V.
875 2427 911 2491 T.
937 2427 1106 2511 scriptores
1131 2426 1199 2489 fere
1223 2444 1383 2509 nusquam

255 2516 470 2610 reperiuntur.
490 2526 530 2588 Ut
552 2536 655 2590 cetera
673 2536 848 2611 taceamus,
875 2528 1009 2593 sufficiat
1026 2528 1106 2593 duas
1121 2528 1192 2593 illas
1208 2526 1386 2592 locutiones

255 2624 428 2710 adducere,
451 2626 567 2711 quibus
594 2627 690 2691 lsaias
708 2628 964 2714 frequentissime
982 2632 1081 2694 utitur
1102 2641 1170 2693 tum
1196 2630 1228 2691 in
1247 2628 1385 2692 oraculis

255 2729 315 2812 ipsi
330 2726 373 2790 ab
386 2727 534 2791 omnibus
551 2729 707 2792 concessis
723 2739 792 2793 tum
808 2731 842 2794 iu
861 2731 931 2794 aliis
948 2731 1007 2816 ipsi
1024 2731 1198 2816 denegatis.
1213 2729 1320 2792 Prima
1337 2737 1385 2792 est

255 2824 375 2895 locutio
384 2831 440 2893 illa
455 2852 519 2916 qua
533 2832 617 2905 Deus
633 2831 675 2894 ab
690 2833 772 2896 Isaia
786 2842 920 2898 vocatur
931 2837 1061 2899 Sanctus
1076 2833 1170 2898 lsrael
1186 2826 1283 2940 basra}
1301 2831 1383 2929 alia?

255 2973 326 3037 quae
338 2953 369 3015 in
380 2953 505 3036 triginta
515 2974 632 3016 novem
643 2953 804 3037 prioribus
815 2953 971 3039 capitibus
981 2951 1087 3015 decies
1096 2952 1210 3035 septies
1222 2931 1384 3016 invenitur

254 3064 285 3118 et
305 3053 476 3119 duodecies
501 3056 533 3118 in
557 3056 667 3140 viginti
691 3066 813 3141 septem
832 3053 1071 3141 posterioribus.
1091 3054 1129 3117 In
1146 3055 1257 3118 ceteris
1273 3063 1382 3118 autem

254 3158 333 3222 Π.
342 3158 430 3233 libris
444 3159 567 3223 nonnisi
580 3161 750 3244 quinquies
766 3159 1041 3243 occurrit,seilIcet
1055 3158 1088 3220 in
1100 3157 1189 3222 Paul.
1200 3158 1311 3240 LXXI,
1322 3159 1381 3240 223

255 3262 410 3345 LXXVII,
429 3265 467 3326 41
487 3288 494 3343 3
516 3263 718 3345 LXXXVIII,
736 3264 777 3327 19
793 3273 825 3327 ct
843 3260 929 3348 apud
942 3261 1116 3325 Ieremiam
1134 3282 1228 3345 capp.
1245 3262 1281 3344 L,
1299 3261 1340 3324 29
1353 3268 1386 3325 et

255 3363 307 3445 LI,
322 3364 353 3445 5,
367 3366 422 3449 qui
438 3365 521 3428 forte
540 3363 584 3428 ab
599 3365 679 3429 isaia
693 3366 751 3431 has
768 3387 862 3430 voces
882 3373 1043 3428 mutuatus
1065 3372 1122 3427 est.
1141 3363 1179 3426 Et
1195 3363 1237 3427 ita
1251 3360 1383 3448 quidem

253 3465 345 3528 Isaiae
363 3467 493 3550 propria
514 3475 559 3529 est
583 3468 642 3530 ista
668 3468 797 3550 locutio,
816 3476 853 3531 ut
869 3474 1018 3531 occurrat
1039 3466 1072 3528 in
1100 3464 1169 3550 cjus
1186 3486 1332 3529 sermone
1350 3465 1383 3528 in

255 3570 307 3632 IV
315 3569 387 3653 aeq.
397 3569 534 3652 XIX&
543 3570 655 3635 relato.
671 3571 792 3635 Auctor
805 3581 912 3635 autem
928 3569 1084 3633 librorum
1096 3570 1223 3652 Regum
1235 3569 1383 3652 nuspiam

249 3656 332 3735 'alibi
350 3672 412 3734 hac
428 3671 588 3735 locutione
610 3672 720 3737 utitur.
738 3673 847 3737 Altera
871 3672 988 3737 locutio
1006 3672 1095 3734 Isaiae
1112 3672 1255 3755 propria,
1275 3692 1312 3734 ca
1336 3680 1384 3734 est

255 3796 318 3860 qua
342 3796 429 3859 pro:
454 3777 570 3848 eterit,
595 3775 663 3859 ipse
693 3775 802 3841 scribit
820 3800 828 3840 r
846 3788 874 3839 et
900 3773 1063 3840 vocabitur.
1090 3774 1166 3838 Haec
1188 3774 1306 3838 locutio
1331 3775 1399 3838 vix·

255 3878 394 3941 occurrit
412 3873 500 3961 apud
522 3877 622 3940 alium
638 3878 846 3963 Prophetam.

298 3978 628 4045 &adversariorum
659 3984 828 4047 conamina
852 3983 948 4046 etiam
981 3980 1106 4044 exalia
1131 3977 1387 4043 consideratione

255 4082 480 4147 retunduntur.
500 4084 587 4148 Talia
606 4085 692 4148 enim
712 4086 744 4148 in
769 4094 928 4171 postrema
953 4092 1044 4168 parte
1067 4079 1272 4146 oraculorum
1298 4081 1389 4145 Isaioe

255 4186 407 4250 dicuntur
429 4207 501 4271 qua*
523 4186 566 4251 ab
590 4197 720 4253 auctore
744 4188 916 4274 captivitati
941 4207 1047 4250 coaevo
1072 4182 1136 4248 dici
1158 4185 1384 4269 nequiverunt.

255 4288 376 4353 Auctor
410 4289 530 4375 quippe
553 4289 669 4376 Cyrum
698 4276 838 4356 nomine¹
856 4288 987 4377 proprio
1016 4287 1224 4372 compellans
1247 4307 1286 4350 ex
1319 4287 1385 4351 hac
