3168 4948
275 305 338 369 552
493 314 697 364 mruooucno
707 318 854 363 somnus
870 321 902 362 m
917 321 944 364 s.
962 321 1164 366 semrroaaa.

275 425 475 509 potissimum
493 442 589 486 causa
605 419 716 484 dirum
732 418 921 504 Apostolum
938 419 980 483 ad
1008 419 1215 485 scribendum
1243 422 1411 508 impulerit

277 550 341 592 non
360 514 507 627 constat]
730 516 735 527 Χ

192 676 198 698 .
318 631 371 695 10.
390 612 720 719 Arptrmeretrrm.sQuae
743 627 777 689 in
799 627 861 690 hac
885 627 1024 712 Epistola
1049 626 1145 693 docet
1167 629 1341 715 Apostolus
1364 632 1409 695 sic

275 733 434 798 contrahit
457 731 559 795 Estius
586 753 593 793 :
618 727 782 794 collaudat
804 728 975 813 Apostolus
996 730 1210 815 Ephesiorum
1227 731 1339 816 iidem,
1365 735 1409 797 ita

274 846 382 901 tamen
397 844 433 898 ut
448 835 574 920 plenius
592 853 645 897 eos
664 833 798 895 instruat
814 830 856 894 de
872 833 1040 917 precipuis
1059 831 1134 896 fidei
1156 836 1312 920 mpsterfis
1329 836 1437 931 Q&

147 964 157 971 „
275 936 480 1019 absconditis,
505 937 593 1001 velut
615 933 656 998 de
680 933 904 1020 [ademptione
927 933 1200 1031 efflstificatione
1224 947 1332 1002 nostra
1349 960 1409 1023 per
1499 924 1501 929 ¹

275 1051 413 1129 mortem
425 1041 551 1122 Christi,
566 1037 608 1103 de
624 1040 791 1126 vffiatiqne
809 1039 965 1123 gentium,
984 1037 1025 1101 de
1035 1036 1318 1133 pgpdestinatione
1331 1062 1408 1126 gra·

276 1147 364 1228 tuita,
381 1144 421 1209 de
434 1142 665 1230 &unificatione
677 1142 791 1207 Christi
806 1152 836 1205 et
848 1143 990 1226 corporis
1004 1141 1073 1228 ejus
1086 1141 1173 1228 quod
1186 1153 1234 1207 est
1242 1145 1385 1210 Ecclesia
1398 1167 1406 1208 τ

276 1260 306 1313 et
322 1251 390 1313 haec
407 1246 539 1334 quidem
555 1246 624 1310 lere
640 1266 742 1330 usque
759 1243 801 1308 ad
817 1253 969 1330 quartum
987 1253 1095 1330 caput,
1115 1267 1134 1309 a
1161 1267 1227 1331 quo
1255 1246 1408 1332 deinceps

274 1351 314 1423 ad
332 1351 490 1417 moralem
505 1345 869 1431 doctrinamaccedens,
885 1347 1063 1433 praescribit
1075 1349 1214 1413 sormam
1231 1348 1408 1435 quamdam

276 1464 422 1518 exactam
434 1454 505 1516 vitae
519 1453 710 1534 christianae,
724 1451 756 1514 in
769 1471 834 1536 qua
846 1451 944 1532 viros,
957 1470 1084 1533 uxores,
1099 1459 1260 1535 parentes,
1274 1452 1407 1535 liberos,

275 1556 435 1639 dominos,
460 1546 568 1619 servos
591 1552 686 1617 officii
709 1574 855 1638 quosque
871 1554 918 1615 sui
935 1550 1105 1637 diligenter
1127 1542 1347 1645 admonet3]et
1364 1555 1408 1619 ad

276 1670 467 1741 extremum,
486 1678 597 1723 omnes
613 1665 765 1740 tanquam
783 1657 816 1717 in
834 1655 948 1719 Christi
973 1656 1119 1720 militiam
1135 1655 1323 1742 adscriptos,
1342 1656 1408 1722 ad-

274 1784 384 1842 persus
397 1761 652 1847 impugnationes
667 1758 863 1839 damonum,
880 1759 976 1823 armis
993 1759 1116 1823 instruit
1131 1760 1359 1845 spiritualibus.

320 1865 373 1928 lt.
393 1861 533 1948 Epistola
552 1861 592 1925 ad
613 1860 762 1946 Ephesios
777 1860 947 1923 authentico
968 1871 1022 1925 est.
1041 1861 1204 1945 Negarunt
1219 1863 1265 1926 De
1282 1863 1404 1941 Wette,

276 1967 470 2050 Schuegler,
495 1973 526 2028 et
542 1964 639 2046 Baur,
656 1964 719 2028 hoc
734 1964 911 2049 praesertim
927 1961 1138 2029 fundamento
1155 1964 1232 2047 nixi,
1253 1963 1340 2050 quod
1362 1963 1407 2028 ad

275 2071 429 2155 Ephesios
452 2089 517 2132 non
551 2067 647 2131 luerit
676 2065 846 2147 destinata,
873 2066 961 2150 quod
984 2068 1115 2151 proprio
1137 2088 1235 2152 scopo
1257 2065 1407 2131 destituta

277 2195 366 2237 mora
391 2173 429 2235 s'it
452 2172 599 2255 Epistola
623 2169 663 2234 ad
688 2170 887 2235 Colossenses
911 2169 1129 2255 amplificatio,
1154 2169 1241 2256 quod
1264 2169 1408 2256 denique

277 2266 632 2358 incoharentia,st)‘lus,
647 2272 819 2353 sententiaa,
835 2270 973 2356 prodant
985 2293 1065 2356 opus
1078 2271 1214 2357 alicujus
1225 2273 1316 2337 Pauli
1329 2272 1408 2336 imi-

277 2376 387 2441 tatoris
401 2375 461 2462 (1)
489 2374 492 2379 ”

322 2481 375 2542 la.
398 2476 462 2541 Sed
484 2479 581 2542 allata
602 2487 790 2562 argumenta
811 2478 928 2541 nullius
949 2496 1078 2562 prorsus
1097 2487 1171 2541 sunt
1190 2477 1325 2542 roboris.
1346 2476 1408 2541 Id-

279 2581 364 2645 circo
374 2580 504 2665 plurimi
514 2580 808 2662 Rationalistarom,
818 2589 853 2643 ut
861 2578 1192 2664 Guericke,Hemsen,
1207 2580 1408 2645 Schnecken-

279 2682 373 2767 burg,
395 2682 550 2765 Ruckert,
573 2680 715 2764 Harloss,
737 2648 898 2766 lisander,
920 2682 1041 2766 Anger,
1058 2683 1409 2768 Epistolamauthenti-

279 2806 351 2850 cam
364 2806 431 2849 esse
447 2783 672 2849 defenderunt.
692 2785 816 2849 Etenim
832 2784 903 2870 jam
922 2784 1128 2870 probavimus
1146 2807 1218 2850 eam
1237 2784 1280 2850 ad
1295 2785 1408 2869 Ephe-

278 2889 341 2952 sios
357 2889 456 2952 fuissc
471 2886 626 2952 directam
645 2897 674 2951 et
690 2888 785 2951 simul
798 2887 994 2952 ostendimus
1007 2889 1243 2974 antiquissimos
1257 2888 1409 2952 Rectene

277 2993 389 3059 Patres
405 3013 476 3057 eam
494 2987 530 3056 ut
547 2992 714 3077 proprium
728 2991 820 3056 Pauli
837 2993 949 3056 loetum
967 2994 1136 3077 recepisse.
1160 2993 1192 3056 S.
1210 2993 1409 3078 Polycarpus

191 3093 203 3161 J
279 3096 375 3158 etiam
399 3094 548 3181 quaedam
582 3095 682 3159 verba
718 3116 756 3159 ex
777 3095 918 3180 Epistola
953 3093 995 3159 ad
1018 3096 1172 3180 Ephesios
1196 3095 1255 3158 suh
1278 3096 1409 3159 nomine

210 3265 229 3279 ,.
280 3196 516 3281 Scripturarum
536 3195 668 3261 adduxit
686 3199 801 3282 (Epist.
820 3199 862 3261 od
878 3197 965 3265 Phil.
986 3198 1073 3282 xli).
1093 3198 1221 3262 Prolata
1238 3206 1347 3262 autom
1364 3198 1410 3275 ab

279 3297 469 3363 adversariis
485 3309 673 3384 argumenta
690 3321 895 3385 nequaquam
918 3300 1026 3364 valere
1043 3309 1174 3386 possunt
1186 3298 1302 3365 ¹contra
1320 3321 1410 3364 una-

279 3402 400 3464 nimem
420 3401 513 3465 istam
536 3402 733 3487 antiquitatis
755 3400 972 3467 traditionem.
996 3401 1098 3467 Porro
1121 3400 1210 3488 quod
1233 3401 1266 3465 in
1299 3401 1411 3464 multis

279 3503 420 3591 Epistola
444 3494 485 3567 ad
508 3504 662 3588 Ephesios
685 3506 853 3569 conveniat
874 3526 946 3570 cum
968 3506 1023 3568 illa
1046 3502 1089 3568 ad
1111 3504 1321 3577 Colossenses‚
1344 3502 1418 3568 boc-

280 3604 438 3691 impedire
462 3606 572 3692 nequit
607 3609 686 3692 quin
710 3629 781 3672 eam
804 3608 905 3672 Paulo
940 3608 1130 3672 tribuamus.
1166 3608 1279 3671 Nonne
1302 3608 1410 3692 potins

243 3719 246 3728 ⁴
280 3707 395 3773 exindo
419 3711 613 3773 contrarium
633 3711 777 3775 eruitur?
795 3712 934 3796 Epistola
952 3709 994 3775 ad
1011 3711 1210 3776 Colossenses
1226 3711 1319 3774 Pauli
1339 3731 1409 3775 esse

278 3811 472 3896 agnoscitur,
489 3810 561 3896 jam
577 3821 686 3876 autem
706 3813 844 3898 Epistola
866 3811 908 3876 ad
931 3814 1083 3899 Ephesios
1103 3810 1252 3879 eamdem
1268 3814 1411 3878 continet

280 3913 472 3998 doctrinam,
505 3913 619 3979 iisdem
648 3917 761 4001 sapius
783 3916 890 3981 verbis
918 3938 1112 4002 expressam,
1137 3913 1268 3980 easdem
1291 3913 1408 3979 eodem

166 4082 168 4087 ,
281 4016 349 4079 iere
361 4014 475 4080 ordine
492 4018 680 4101 quaestiones
693 4027 818 4107 tractat,
838 4019 987 4097 eumdem
1000 4021 1096 4106 igitur
1108 4017 1216 4105 prodit
1226 4027 1406 4101 auctorem,

280 4119 339 4181 nisi
358 4118 428 4206 quis
448 4119 523 4184 velit
542 4119 574 4183 S.
601 4120 737 4184 Paulum
763 4142 827 4185 non
851 4123 989 4208 potuisse
1013 4122 1164 4188 eumdem
1181 4130 1409 4209 argumentum

312 4364 348 4429 (1)
361 4364 417 4416 viu.
433 4366 470 4417 lle
480 4366 575 4428 Wetlr,
590 4366 694 4418 Einleit.
706 4371 718 4426 t
732 4366 787 4417 lid.
839 4396 842 4400 ·
