3132 4964
250 260 313 329 118
372 254 375 259 ·
478 283 679 327 INTRODUCTIO
695 282 842 326 sanemus
857 282 890 323 lu
904 282 930 326 S.
952 281 1152 325 scalarum.

294 381 458 446 11111111
485 381 628 466 caliginis
651 380 723 444 fons
747 391 794 444 est
816 381 920 466 ipsum
944 381 1178 465 Prophetarum
1198 381 1379 467 eloquium.

249 484 369 549 Amant
379 485 465 549 enim
479 485 663 571 frequentes
674 485 892 569 metaphoras,
907 484 1088 569 allegorias,
1103 482 1286 569 parabolas,
1297 506 1384 571 sym-

249 586 324 660 bola
339 597 370 653 et
380 591 561 673 enigmata.
576 588 652 651 Haec
668 596 775 650 autern
788 586 957 671 desumpta
977 580 1050 650 sunt
1066 608 1105 650 ex
1120 598 1233 651 'rerum
1247 597 1377 672 natura,

249 711 288 752 cx
300 710 360 754 usu
372 700 403 754 et
413 688 694 754 consuetudinibus
705 689 922 754 Israelitarum
936 698 967 752 et
978 689 1173 773 populorum
1183 690 1377 773 vicinorum,

248 813 321 878 quac
346 795 459 878 saepius
488 815 546 858 nos
574 792 686 856 latent.
710 791 802 856 Unde
830 792 977 877 plurima
1000 791 1166 876 interpreti
1190 792 1380 857 exoriuntur

248 892 460 958 difficultates.
483 894 647 976 Quantum
670 894 768 958 Isaias
791 893 1048 978 metaphoricum
1072 913 1254 956 sermonem
1276 915 1380 958 exco-

248 996 342 1060 luerit
364 1005 475 1081 patet,
500 995 569 1079 uhi,
594 1018 627 1060 v.
652 1016 684 1080 g.
711 997 861 1060 continuo
890 994 931 1059 de
954 996 1122 1081 synagoga
1145 996 1286 1082 loquitur
1315 995 1381 1062 sub

246 1099 400 1183 allegoria
413 1100 526 1181 vineae,
539 1108 594 1164 aut
607 1097 661 1163 ubi
683 1099 793 1163 volens
805 1096 979 1183 predicere
993 1098 1235 1162 conversionem
1251 1097 1380 1163 barba-

248 1223 357 1265 rarum
382 1202 547 1266 nationum
571 1222 654 1288 quae,
677 1200 821 1286 deposita
842 1202 973 1286 pristina
997 1200 1380 1286 saevitia,.conspiraturae

247 1312 340 1366 erant
351 1303 384 1366 in
399 1304 555 1366 unitatem
570 1301 646 1366 fidei
660 1323 733 1366 eum
746 1304 815 1367 miti
830 1304 949 1388 populo
962 1302 1087 1385 Christi,
1101 1302 1147 1366 ait
1159 1303 1245 1387 (cap.
1260 1302 1377 1389 x1,6):

247 1404 403 1468 Habitabr't
422 1404 513 1488 lupas
531 1426 598 1467 cam
613 1427 690 1489 apua
708 1429 718 1466 :
738 1416 766 1468 ct
778 1406 895 1489 pardae
910 1427 977 1468 cam
993 1404 1077 1470 hado
1100 1404 1252 1467 accubabit
1268 1429 1278 1468 :
1294 1408 1379 1469 cita-

248 1507 295 1571 taa
316 1519 344 1569 ct
363 1506 408 1571 leo
432 1519 460 1571 ct
483 1510 547 1572 aab
569 1507 662 1572 simut
684 1507 894 1572 morabantur.
919 1510 1006 1572 Inter
1029 1509 1234 1592 metaphoras
1258 1507 1378 1593 quibus

247 1609 415 1693 Prophetae
430 1610 543 1694 saepius
560 1618 693 1673 utuntur
708 1608 751 1673 ad
766 1631 838 1673 eam
854 1609 1018 1675 attendere
1036 1618 1160 1694 oportet
1180 1630 1245 1695 qua
1267 1607 1378 1673 idolo-

247 1712 375 1776 latriam
398 1722 515 1776 vocant
537 1736 552 1771 «
579 1713 824 1777 fornicationem
857 1714 947 1778 »vel
973 1737 988 1772 «
1014 1710 1231 1794 adulterium;
1258 1737 1273 1772 »
1299 1713 1377 1798 quia

247 1815 378 1896 scilieet,
396 1835 454 1899 per
469 1835 542 1878 eam
557 1815 665 1879 anima
675 1817 731 1879 vel
739 1815 828 1898 urbs,
843 1817 955 1881 relicto
967 1817 1035 1880 Deo
1049 1836 1165 1901 sponso
1179 1836 1250 1899 suo,
1265 1812 1377 1879 adhoe-

246 1926 295 1981 ret
310 1915 409 2000 idolo,
426 1917 516 2003 quasi
532 1915 690 1982 adultero.
716 1919 790 1982 Pari
813 1917 910 1983 modo
935 1920 1103 2005 synagoga
1130 1918 1239 1982 olleo
1263 1939 1377 1982 aversa

246 2018 307 2082 sub
323 2018 425 2103 figura
443 2020 618 2083 meretricis
633 2031 890 2106 repraesentatur.
910 2023 1023 2086 Daniel
1039 2031 1159 2104 autem,
1180 2021 1324 2085 Ezechiel
1344 2030 1377 2085 et

246 2121 416 2186 Zacharias
433 2122 607 2188 visionibus
624 2134 654 2187 et
670 2124 820 2210 symbolis
838 2123 1005 2188 abundant
1019 2123 1079 2211 (l).

661 2505 828 2586 CAPUT
852 2506 958 2582 xlx.

1222 2654 1226 2687 ι

593 2757 632 2797 nn
656 2757 832 2803 raoraarus
854 2758 943 2842 rsain
966 2736 1026 2824 (2).
1042 2731 1136 2782 W
1165 2587 1407 2844 muza&

383 2858 386 2865 .
583 2822 631 2869 ι,
657 2861 660 2867 .

86 2804 272 3029 W
292 2956 323 3020 1.
341 2955 574 3039 Arpamcatraa.
585 2862 694 3079 llsaias
710 2946 840 3064 (impuri
854 2952 937 3017 salas
952 2872 1086 3037 letica)
1103 2964 1195 3018 natus
1214 2964 1262 3019 est
1281 2966 1374 3042 patre

247 3075 379 3195 Amoso,
393 3097 448 3161 qur
440 3072 605 3139 diversus
619 3083 665 3138 est
677 3095 696 3137 a
709 3039 870 3159 Propheta
883 3075 994 3162 Amos,
1011 3077 1057 3139 uti
1071 3097 1109 3139 ex
1122 3077 1191 3161 ipsa
1206 3076 1373 3164 utriusque

34 3256 36 3259 .
248 3180 385 3244 nominis
417 3174 574 3263 scriptura
597 3176 750 3240 hebraica
771 3179 883 3262 liquet.
909 3179 971 3247 Iste
999 3178 1119 3263 Amos,
1144 3180 1233 3243 Isaiae
1257 3188 1371 3264 peter,

50 3332 110 3409 a
91 3278 1165 3567 10lapathi.ll..stltllttlttnlfftttl
1171 3282 1375 3448 lltl't

26 3502 85 3577 Ι*
164 3466 170 3479 ’
275 3485 380 3549 zechia
413 3493 449 3547 ut
464 3494 586 3549 constat
603 3507 643 3548 ex
658 3487 689 3549 Is
721 3486 736 3548 Ι
770 3486 822 3547 1·
847 3486 934 3550 Visio
951 3487 1051 3561 Isaioe,
1071 3487 1134 3573 filit
1150 3432 1256 3561 iimcc,
1280 3508 1374 3572 qaam

41 3592 157 3641 mur-t
158 3616 191 3643 2
248 3589 323 3654 cidit
337 3608 429 3670 saper
444 3587 558 3651 ladam
575 3600 602 3651 et
617 3587 823 3652 Jerusalem
812 3610 844 3650 m
863 3588 965 3653 diebus
983 3587 1087 3663 Oztae,
1104 3590 1250 3664 Joataaa,
1265 3588 1373 3653 Acbaz

56 3692 61 3705 '
99 3668 186 3745 l,
190 3672 277 3756 11111
296 3689 433 3754 Ezechioe
463 3711 569 3774 repam
599 3691 694 3753 Juda.
733 3689 828 3771 Quod
851 3699 883 3754 et
917 3692 1024 3756 multis
1047 3693 1269 3756 vaticiniorum
1302 3690 1372 3776 ejus

281 3903 315 3966 (1)
328 3900 459 3963 Quomodo
472 3898 604 3962 praecipuae
620 3899 795 3950 vaticiniorum
812 3898 971 3950 difficultates
990 3899 1041 3950 sim
1059 3900 1182 3951 solvendae
1199 3900 1293 3951 indimt
1307 3900 1371 3952 fror-

247 3986 329 4037 nelios
346 3997 360 4034 a
377 3981 490 4045 tepide,
510 3981 628 4032 Canaces
644 3981 780 4046 Prophetis
794 3982 878 4045 facem
891 3983 1059 4046 preferentes
1074 3989 1133 4032 ante
1151 3975 1324 4033 commentar.
1342 3984 1371 4033 ta

246 4068 379 4214 11111111.
392 4148 523 4199 Cornelius
534 4161 549 4197 n
561 4145 665 4209 Lepide,
678 4144 709 4195 ln
721 4144 830 4196 lentam.
845 4144 892 4196 Ed.
903 4145 978 4196 Vives
989 4145 1062 4208 1861
1074 4143 1179 4207 lleinlre,
1193 4145 1238 4197 Die
1247 4146 1368 4196 musica.

251 4231 430 4297 Weissapaap.
450 4238 470 4281 t.
488 4229 518 4292 ll,
537 4242 562 4292 p.
581 4226 703 4278 185156.
723 4226 835 4279 Geissen.
857 4225 939 4291 18603
959 4226 1190 4290 acclamatorio
1210 4226 1287 4278 revel.
1308 4226 1367 4278 aar.

247 4325 272 4377 p.
288 4311 410 4375 saeua
428 4312 519 4374 chire,
530 4310 629 4361 lotrad.
646 4315 694 4360 ete.
