3166 4958
312 292 373 356 258
536 308 735 354 mraonucrre
751 307 898 350 srecmms
913 308 947 350 m
961 310 987 352 s.
1009 311 1208 356 semmurum.

266 416 269 421 ’
311 409 451 474 ecelesiae
465 410 616 494 septimus
632 416 703 491 post
718 408 847 470 Petrum
861 408 1039 493 episcopus,
1055 411 1299 476 commentarios
1314 414 1437 477 fecerat

310 513 343 575 in
359 522 495 597 quatuor
507 510 692 595 Evangelia,
708 518 742 572 ut
759 509 867 573 scribit
884 510 1107 596 Hieronymus,
1127 513 1182 599 qni
1196 513 1287 577 nobis
1299 516 1439 579 servavit

311 616 566 701 explanationem
579 614 674 702 hujus
687 615 720 678 S.
735 615 879 678 Doctoris
891 615 924 678 in
945 617 1134 700 parabolam
1151 616 1191 681 de
1204 617 1303 683 villico
1318 621 1438 704 iniqui·

311 722 381 783 tutia
405 719 490 804 (Luc.
516 718 615 804 XVI).
638 718 794 781 Praeterea
815 712 1009 802 Theophilus
1026 722 1077 784 Ad
1091 720 1273 805 Autolycum
1288 721 1312 785 l.
1332 722 1375 804 ΙΙ,
1394 722 1438 785 29

310 822 377 884 ait:
400 846 414 883 (ι
441 821 517 886 Haec
541 842 598 885 nos
620 820 736 885 decent
759 820 929 904 Scriptura
952 831 1068 886 sancta
1090 831 1121 886 et
1140 832 1297 909 quotquot
1315 822 1437 908 Spiritu

310 932 419 987 sancto
436 921 533 987 afflati
550 924 653 1006 luere,
672 945 710 987 ex
729 922 845 1009 quibus
860 924 1000 988 loannes
1023 924 1123 989 dicit:
1147 928 1184 989 In
1198 928 1351 1011 principio
1370 938 1438 990 erut

311 1025 454 1100 Verbum,
467 1039 495 1090 et
508 1026 640 1091 Verbum
658 1038 723 1089 eret
741 1026 824 1110 apud
840 1028 948 1100 Deum,
966 1027 1146 1113 significans
1165 1028 1207 1093 ab
1225 1029 1312 1092 initio
1330 1030 1438 1093 solum

310 1128 405 1192 luisse
432 1129 535 1193 Deum
556 1138 587 1193 et
614 1130 647 1193 in
672 1130 739 1213 ipse
757 1128 913 1193 Verbum.
931 1129 1053 1195 Deinde
1070 1129 1160 1196 addit
1180 1154 1188 1194 r
1209 1133 1252 1195 m
1271 1133 1439 1195 Hauserat

312 1232 444 1295 Verbum
453 1257 462 1294 :
471 1235 573 1295 omnic
582 1254 639 1317 per
651 1235 751 1317 ipsum
762 1233 844 1316 sacto
854 1244 925 1296 sum
936 1244 963 1296 et
975 1235 1041 1297 sine
1056 1237 1123 1318 ipso
1132 1235 1247 1320 factum
1259 1246 1302 1298 ert
1316 1233 1408 1297 nibil.
1421 1261 1436 1293 r>
1554 1218 1555 1291 l

310 1333 405 1397 Libro
422 1343 528 1397 autem
545 1335 602 1417 111,
622 1334 674 1415 tt,
693 1343 862 1419 postquam
883 1332 1006 1399 dixerat
1024 1360 1039 1395 «
1055 1334 1096 1400 de
1107 1335 1241 1422 justitia,
1260 1354 1357 1422 quam
1372 1339 1438 1401 Lex

309 1428 465 1520 praecipit,
488 1439 715 1501 consentaneas
732 1438 866 1501 inveniri
894 1439 1120 1523 Prophetarum
1141 1450 1172 1504 et
1198 1440 1438 1524 Erreupelr'orum

312 1540 493 1622 sententias3
507 1550 676 1625 prepterea
699 1539 786 1626 quod
805 1561 916 1605 omnes
932 1562 996 1606 uno
1012 1544 1069 1607 Dei
1084 1543 1201 1629 Spiritu
1216 1542 1313 1607 afflati
1335 1545 1438 1608 locuti

311 1650 395 1723 sunt,
413 1668 428 1701 u
446 1643 557 1705 recitat
574 1641 673 1706 verba
689 1642 797 1705 Mottb.
816 1643 856 1725 V,
875 1645 928 1727 28,
944 1646 998 1727 443
1017 1645 1073 1727 VI,
1093 1646 1126 1709 5.

353 1744 406 1807 26.
424 1744 460 1808 S.
488 1745 598 1818 Melite,
617 1742 781 1809 Sardensis
805 1746 982 1831 episcopus,
1005 1746 1119 1811 codam
1143 1748 1212 1812 iere
1231 1759 1375 1833 tempore
1395 1769 1438 1812 ac

309 1847 341 1910 S.
360 1848 511 1931 lustinus,
531 1849 622 1932 plura
640 1870 679 1912 ex
700 1849 813 1915 nostris
834 1848 1024 1934 Evangeliis,
1043 1849 1075 1912 in
1094 1848 1182 1915 Cluui
1202 1849 1250 1937 (l)
1270 1871 1375 1935 nuper
1392 1849 1438 1914 ab

309 1951 379 2014 Em.
398 1949 486 2014 eard.
505 1951 591 2014 Pitra
607 1949 742 2033 detecta,
761 1949 960 2035 producebat
984 1952 1046 2016 hoe
1066 1950 1163 2017 mode
1185 1975 1194 2015 c
1217 1954 1340 2038 Dipitur
1363 1954 1437 2025 Dei,

308 2053 442 2139 Spiritus
457 2064 584 2118 sanetus
600 2056 712 2139 (esti...
731 2055 764 2116 in
783 2053 947 2139 Eeuupelio
962 2079 972 2117 .·
985 2057 1014 2117 ei
1029 2057 1062 2117 iu
1085 2055 1177 2139 dipito
1188 2056 1250 2119 uer·
1266 2057 1352 2139 ejicio
1367 2055 1436 2119 de-

308 2160 411 2220 mom‘u
425 2160 511 2242 (Luc.
531 2158 588 2240 Χ),
607 2157 674 2221 illl.
691 2155 812 2220 Eodem
835 2155 933 2221 medo
952 2158 1046 2242 plura
1063 2152 1193 2221 adducit
1213 2178 1251 2220 ex
1270 2157 1434 2239 Mattbaeo,

307 2261 415 2324 llareo
434 2270 464 2323 et
485 2263 609 2325 loanne
627 2261 686 2337 (ill.

351 2365 404 2427 27.
432 2362 578 2428 Claudius
594 2362 796 2447 Apollinaris,
812 2363 1020 2447 Hierapeleos
1040 2364 1218 2449 episcopus,
1237 2363 1305 2448 qui,
1325 2363 1435 2449 impe-

307 2476 398 2529 rante
412 2467 518 2530 Marco
536 2465 678 2549 Aurelio,
697 2464 836 2547 virebat,
854 2466 887 2529 in
906 2465 988 2530 libro
1003 2467 1050 2529 De
1066 2466 1215 2530 Poacbete
1227 2465 1275 2551 (5)
1293 2466 1405 2531 scribit
1424 2490 1433 2531 ε

310 2595 324 2629 o
345 2570 444 2635 Aiunt
458 2569 618 2656 (quidam)
635 2571 688 2634 14·
703 2590 822 2655 agnum
837 2591 912 2634 cum
923 2569 1086 2656 discipulis
1097 2568 1307 2634 manducasse
1320 2571 1434 2634 Domi-

307 2695 397 2754 num,
411 2693 529 2757 magna
545 2693 622 2736 vero
639 2672 830 2757 Azymorum
846 2672 898 2737 dic
913 2694 1041 2758 passum
1059 2695 1137 2755 esse,
1152 2676 1248 2759 alque
1264 2674 1306 2737 ita
1322 2671 1435 2738 dicere

306 2774 482 2838 Muttbeum
505 2784 540 2837 ut
562 2774 654 2837 illum
673 2774 866 2859 intelligunt3
881 2772 968 2839 unde
984 2776 1058 2860 Legi
1077 2774 1238 2839 contraria
1254 2783 1301 2838 est
1317 2796 1434 2839 eorum

306 2880 523 2964 interpretatio
542 2879 643 2965 iisqne
656 2876 818 2942 adversari
835 2877 984 2943 videntur
998 2879 1182 2964 Evangelia.
1203 2905 1217 2941 s

351 2983 404 3047 ut.
428 2982 534 3063 Certen
554 2984 720 3046 Romanus.
745 2982 845 3046 Panlo
868 2992 938 3068 post
961 2982 1104 3046 medium
1126 2982 1232 3046 saeculi
1255 2983 1297 3064 ΙΙ,
1319 2984 1436 3048 Rome

309 3085 464 3150 edebatur
476 3086 712 3170 Scripturarum
727 3106 842 3166 canon,
857 3085 948 3170 eujus
964 3085 1178 3170 fragmentum
1191 3085 1223 3148 in
1237 3083 1436 3151 bibliotheca

309 3186 536 3252 Mediolanensi
548 3189 668 3251 invenit
680 3189 869 3252 Muratorius
881 3188 940 3274 (4).
954 3189 990 3251 In
1004 3190 1060 3252 isto
1074 3189 1254 3273 fragmento
1267 3209 1436 3253 recensen-

307 3301 359 3355 tur
372 3289 437 3355 duo
453 3291 625 3376 Evangelia
638 3292 730 3356 Lneae
744 3301 775 3354 et
789 3292 921 3355 loannis
937 3301 967 3355 et
983 3292 1057 3355 talia
1074 3290 1223 3355 dicuutur
1238 3299 1273 3353 ut
1288 3293 1435 3382 manife-

308 3401 391 3456 stum
403 3394 441 3455 sit
454 3392 617 3457 auctorem
630 3392 800 3479 fragmenti
816 3403 909 3457 antea
923 3393 1064 3458 locutum
1077 3392 1172 3457 fuisse
1184 3389 1226 3455 de
1239 3391 1387 3456 Matthaeo
1402 3404 1435 3458 et

341 3674 377 3740 (l)
388 3674 460 3725 Edita
472 3681 511 3724 est
521 3676 548 3723 iu
561 3674 649 3739 Spietl
656 3678 699 3741 pie
714 3677 868 3728 Sobsmeuei
876 3684 896 3727 t.
911 3676 941 3726 ll.
953 3676 1032 3726 Paris.
1045 3676 1117 3726 l853.

341 3755 376 3818 (9)
392 3754 443 3806 Cir.
456 3755 548 3819 spirit.
563 3755 699 3807 Suberat.
716 3756 746 3817 ll,
757 3771 781 3820 p.
794 3760 820 3817 8,
833 3757 875 3818 te,
887 3757 943 3817 tot,
956 3756 1002 3808 125
1010 3770 1068 3807 eum
1078 3756 1171 3807 Mettis.
1184 3757 1258 3818 ΧΧΙΙ,
1268 3758 1310 3816 lm
1321 3757 1375 3818 xit,
1386 3760 1431 3816 tor

308 3839 338 3899 V,
351 3839 391 3899 tu
402 3838 466 3900 ltlll,
480 3840 519 3902 tu
529 3838 596 3890 totu.
611 3854 634 3904 p.
653 3840 692 3902 tt,
703 3839 736 3891 82
748 3853 807 3891 cunr
815 3840 899 3891 Marc.
915 3840 946 3902 x,
960 3840 1002 3904 ⁴93
1014 3839 1057 3901 lll,
1071 3841 1110 3901 ll;
1125 3838 1191 3891 tote.
1204 3854 1229 3904 p.
1240 3839 1271 3891 12
1282 3853 1341 3891 cum
1350 3839 1432 3895 toan.

309 3921 340 3981 X,
357 3923 381 3983 l;
396 3928 446 3972 ete.
795 3952 799 3959 ·

341 4005 376 4068 (5)
390 4007 437 4067 lp.
450 4005 543 4069 ltigne,
554 4005 655 4055 Petrei.
666 4019 706 4069 pr.
719 4006 749 4066 V,
760 4005 806 4056 eol.
821 4003 973 4056 ttae-tatu.

341 4090 376 4152 (t)
388 4089 501 4140 liabetur
510 4090 536 4139 in
550 4088 648 4139 Petrei,
661 4089 707 4140 lot.
723 4097 741 4139 t.
755 4088 796 4150 nt,
812 4089 860 4139 col.
875 4088 985 4140 tto-tto
1002 4095 1028 4139 et
1041 4088 1109 4139 alibi.
1123 4088 1230 4139 Cononis
1240 4087 1434 4141 aeusoeunme

308 4187 339 4225 er
350 4174 382 4223 iis
397 4187 455 4236 quac
467 4173 501 4223 ibt
517 4172 638 4222 dicuntur
648 4172 680 4222 de
693 4171 802 4222 Pectore
813 4185 822 4221 .·
835 4187 846 4217 r
859 4172 987 4225 Pastorem
998 4172 1146 4235 nuperrime
1160 4168 1317 4233 temporibus
1329 4169 1433 4219 muria

307 4256 333 4305 in
350 4256 413 4305 uae
425 4255 502 4305 Roma
522 4255 614 4306 Herma
635 4255 790 4318 conscripsit,
811 4256 909 4306 sedeate
926 4254 1046 4306 celticum
1064 4251 1138 4305 urbis
1152 4252 1237 4304 Rome
1252 4253 1361 4304 ecetram
1378 4251 1431 4304 Pie

306 4353 333 4388 e*
410 4352 425 4389 o
437 4339 522 4404 {rutra
532 4338 596 4400 ejus.
610 4355 623 4386 r
