3168 4948
260 287 325 352 550
478 309 680 352 rnrnouucrru
699 310 846 353 saecutus
863 312 897 352 ru
915 312 941 353 s.
956 312 1157 355 semrrunau.

260 408 290 471 in
305 409 443 494 antiquis
456 409 632 473 canonibus
648 418 678 473 et
690 409 890 473 versionibus
902 420 933 473 et
946 409 1033 495 apud
1046 412 1194 495 antiquos
1205 412 1390 496 scriptores.

259 511 436 575 Concilium
462 510 682 576 Tridentinum
699 561 708 595 ,
745 514 777 576 in
812 511 941 576 decreto
971 512 1012 577 de
1037 514 1198 578 canonicis
1220 515 1394 600 seripturis

259 613 348 697 (sess.
368 614 438 699 IV),
464 614 612 680 ordinem
635 626 761 680 secutus
779 625 824 679 est
843 638 860 680 a
885 615 1062 701 majoribus
1084 618 1198 703 sapius
1215 629 1391 702 servatum,

259 737 356 800 quem
370 727 401 780 et
414 726 541 781 serrant
554 716 708 781 editiones
723 739 834 802 graecae
847 728 878 781 et
892 719 997 782 latinae
1017 721 1098 805 typis
1113 720 1293 805 impressae·
1303 720 1393 785 Ordo

259 818 313 881 ille
329 840 362 881 sc
379 817 477 882 habet
492 827 526 881 ut
540 819 682 904 sequitur
698 841 706 881 ε
727 844 741 877 a
757 818 1011 899 Quatuordecim
1028 821 1174 905 Epistola
1191 823 1283 886 Pauli
1299 823 1394 908 Apo-

259 921 331 984 stoli
346 943 354 983 ε
369 920 408 984 ad
423 923 598 1004 Romanos,
613 920 684 985 duee
696 921 739 986 ἃᾶ
752 922 942 1005 Corinthios,
957 922 1005 986 ad<
1014 923 1154 1006 Galatas,
1170 923 1211 987 ad
1225 925 1392 1010 Ephesios,

156 1023 157 1027 ’
259 1022 301 1087 ἃᾶ
319 1025 551 1109 Philippenses,
568 1023 610 1088 ad
623 1025 834 1107 Colossenses,
856 1025 927 1089 duae
943 1024 985 1090 ad
998 1027 1304 1110 Thessalonicenses,
1320 1027 1394 1091 duae

260 1125 301 1190 ad
325 1127 540 1210 Timotheum,
558 1126 601 1191 ad
616 1129 733 1211 litum,
756 1127 795 1191 ad
817 1106 1051 1211 Phile'mdnem,
1070 1129 1111 1193 ad
1129 1130 1293 1195 llehraeos.
1316 1157 1331 1192 a
1354 1133 1393 1195 ln

258 1230 320 1293 hac
336 1233 574 1295 enumeratione
595 1233 701 1316 primo
717 1241 888 1296 occurrunt
906 1233 968 1295 illae
984 1232 1127 1317 epistolae
1144 1255 1215 1319 quae
1228 1233 1270 1297 ad
1285 1235 1391 1309 eccle-

196 1328 320 1474 3'p-sias
344 1336 575 1418 particulares,
601 1333 642 1398 ad
667 1343 789 1420 septem
816 1336 977 1417 ecelesias,
999 1343 1034 1398 ut
1063 1335 1234 1399 observant
1256 1337 1389 1419 Patres,
1415 1412 1449 1448 Γ

258 1433 386 1500 directae
398 1447 486 1521 sunt;
500 1436 641 1502 seeundo
655 1438 725 1500 loco
739 1445 909 1501 occurrunt
922 1445 1060 1521 quatuor
1072 1437 1219 1520 Epistulae
1234 1435 1275 1500 ad
1288 1438 1390 1521 parti·
1407 1438 1482 1547 ³3³¹?
1500 1450 1528 1479 t*

261 1539 386 1602 eulares
405 1561 557 1624 personas
574 1539 725 1622 directae5
751 1541 865 1603 seriem
883 1537 1001 1603 claudit
1018 1539 1158 1624 Epistula
1179 1537 1221 1602 ad
1236 1540 1391 1604 Hebraeos
1418 1528 1533 1642 22⁴&

261 1662 332 1725 qua
344 1664 404 1706 nec
421 1641 462 1706 ad
475 1644 670 1739 peculiarem
688 1644 855 1708 ecelesiam
872 1665 931 1707 nee
946 1641 987 1706 ad
1002 1640 1200 1727 designatam
1217 1663 1390 1727 personam
1433 1628 1521 1714 *la-
1560 1706 1571 1733 Ἰ

260 1744 468 1829 scriptaiuit.
499 1761 531 1820 ><
570 1737 602 1807 ,aa
617 1734 657 1791 '3²-
1267 1752 1269 1757 '

302 1849 333 1909 ⁶2.
353 1848 432 1911 Sunt
458 1850 552 1933 igilur
579 1849 670 1913 Pauli
699 1849 845 1934 Epistola
870 1870 1003 1914 numero
1032 1846 1288 1935 quatuordecim,
1317 1869 1390 1934 quae

258 1972 371 2014 omues
393 1954 547 2016 carronica
571 1953 758 2018 auctoritate
784 1974 912 2038 semper
937 1954 1125 2034 eminuere,
1156 1952 1181 2014 si
1213 1951 1390 2035 excipiatur

172 2062 175 2066 “
257 2055 398 2138 Epistola
410 2054 449 2118 ud
467 2055 630 2139 Hebraeos,
648 2054 689 2119 de
706 2078 768 2142 qua
785 2054 932 2142 quaedam
949 2057 1037 2120 initio
1056 2056 1242 2119 exstiterunt
1255 2064 1389 2119 contro-

256 2158 377 2220 versiae.
394 2158 444 2220 Au
456 2159 587 2241 Paulus,
603 2168 718 2243 prater
735 2159 806 2222 illas
818 2159 986 2242 Epistulas,
1005 2158 1084 2222 alias
1099 2158 1259 2242 scripserit
1273 2156 1388 2242 dispu-

256 2267 351 2322 tatur.
369 2259 449 2323 Sunt
463 2261 517 2345 qni
533 2282 570 2322 ex
585 2263 602 2321 Ι
614 2261 654 2324 ad
668 2259 739 2326 Cur.
758 2260 798 2343 V,
818 2262 837 2323 9
854 2261 1008 2344 eolligunt
1021 2260 1158 2324 Paulum
1171 2261 1269 2324 aliam
1282 2259 1388 2323 statim

255 2358 457 2444 deperditam
476 2363 636 2446 scripsisse
652 2361 827 2446 Epistulam
852 2361 894 2425 ad
910 2361 1100 2426 Corinthios.
1127 2360 1191 2425 Sed
1212 2360 1253 2424 de
1273 2362 1390 2425 haere

255 2483 320 2524 non
345 2472 477 2527 constat.
502 2465 642 2526 inventae
669 2464 791 2528 suntin
812 2462 922 2528 codice
940 2462 1083 2549 quodam
1107 2456 1292 2528 numeniaco
1316 2462 1390 2527 duae

253 2565 402 2648 Epistulae
421 2589 429 2628 ε
448 2588 512 2629 una
536 2567 773 2631 Corinthiorum
797 2566 839 2630 ad
862 2567 1012 2649 Paulum,
1031 2567 1133 2630 altera
1153 2567 1244 2630 Pauli
1260 2564 1302 2630 ad
1319 2587 1387 2650 eos,

255 2686 326 2751 quae
347 2677 434 2730 certo
462 2677 537 2730 suut
557 2670 640 2732 iuter
662 2671 859 2755 apocrypha,
884 2670 916 2732 in
939 2669 1057 2755 quibus
1080 2671 1176 2733 etiam
1200 2666 1389 2753 reponenda

255 2777 300 2832 cst
315 2770 455 2854 Epistola
468 2769 510 2834 ad
528 2769 737 2836 laodicenses
750 2773 810 2836 suh
830 2773 959 2835 nomine
976 2772 1068 2835 Pauli
1087 2771 1158 2857 jam
1182 2770 1257 2834 inde
1276 2793 1299 2834 a
1324 2792 1388 2834 sae-

146 2950 149 2955 .
255 2872 327 2934 culo
352 2872 492 2937 secundo
516 2875 656 2959 vulgata.
684 2876 791 2957 Quum
815 2886 922 2940 tamen
955 2877 1076 2952 Paulus
1110 2874 1152 2939 ad
1187 2875 1388 2939 Colossenses

254 2974 325 3056 (IV,
341 2975 397 3060 tu)
412 2978 572 3061 scripserit
593 3001 601 3040 τ
619 2980 659 3041 Et
677 3001 768 3064 queem
789 2979 862 3041 lecta
884 2980 977 3063 fuerit
995 2979 1080 3064 opud
1097 3000 1148 3042 ros
1169 2977 1295 3062 epistola
1312 2977 1386 3052 ltoec,

253 3079 346 3162 serite
368 3092 402 3142 nt
426 3092 453 3143 et
476 3083 508 3143 iu
527 3082 755 3146 leodinensium
781 3081 901 3145 ecclesio
924 3081 1053 3165 lepotur,
1071 3093 1099 3144 et
1121 3103 1187 3144 eorm
1211 3102 1281 3166 pare
1302 3083 1388 3143 duo-

254 3184 419 3246 nicensium
444 3196 486 3247 est
503 3206 553 3248 eos
568 3183 684 3268 tepetis,
707 3194 841 3270 apparet
856 3176 888 3248 S‘s.
913 3185 1050 3247 Paulum
1074 3205 1185 3247 revera
1205 3181 1247 3246 ad
1266 3181 1389 3246 laodi-

254 3305 364 3347 censes
393 3286 565 3370 scripsisse,
586 3285 640 3349 scd
668 3286 834 3372 deperdita
860 3287 956 3349 fuerit
978 3286 1034 3349 illa
1056 3287 1210 3370 Epistola,
1239 3284 1298 3348 nisi
1323 3286 1388 3368 alio

255 3407 349 3450 sensu
361 3387 461 3451 rer-ha
474 3409 576 3472 graeca
593 3388 688 3474 hujus
703 3390 765 3453 loci
781 3392 842 3454 sint
853 3386 1054 3474 accipienda,
1069 3386 1156 3474 quod
1173 3398 1257 3451 tenet
1270 3389 1385 3452 Estius.

256 3489 455 3573 Apocrypha
468 3491 588 3575 pariter
599 3502 671 3555 sunt
680 3493 826 3576 Epistola
835 3493 926 3555 Pauli
940 3490 982 3555 ad
992 3491 1147 3555 Senecam
1157 3491 1386 3577 philosophum

255 3601 286 3655 et
304 3591 433 3655 Senecae
451 3591 494 3656 ad
507 3594 654 3659 Paulum.
671 3594 828 3679 Opinatur
844 3596 894 3658 ΙΙΙ.
921 3597 958 3658 D.
985 3594 1103 3658 Beeleu
1127 3593 1176 3680 (l)
1195 3595 1228 3657 S.
1248 3595 1386 3657 Paulum

255 3691 298 3757 ad
318 3694 538 3778 Philippenses
547 3694 617 3781 jam
631 3697 793 3780 scripsisse
804 3698 948 3782 aliquam
961 3696 1141 3779 epistolam,
1156 3693 1288 3780 quando
1304 3715 1388 3759 exa-

254 3798 337 3861 ravit
355 3797 457 3879 illam,
472 3819 544 3884 quae
565 3800 596 3861 in
615 3799 777 3863 canonicis
796 3799 944 3863 habetur.
960 3798 1157 3863 Sententiam
1170 3819 1261 3863 suam
1279 3797 1387 3862 firmat

255 3920 294 3962 ex
319 3900 488 3963 collatione
513 3921 624 3964 eorum
649 3921 720 3985 quae
745 3899 823 3965 dicit
848 3901 966 3964 Paulus
994 3900 1073 3985 Cap.
1098 3901 1157 3983 ΙΙΙ,
1184 3901 1200 3963 l
1231 3922 1239 3964 ε
1269 3899 1388 3964 Eadem

253 4002 335 4067 vobis
356 4004 494 4077 scrihere,
520 4003 598 4065 milri
621 4004 740 4088 peridem
764 4026 824 4067 reon
845 4006 995 4088 piprunr,
1022 4024 1096 4066 eum
1121 4003 1157 4066 iis
1181 4023 1254 4088 quse
1276 4001 1388 4067 scribit

253 4106 447 4191 Polycarpns
471 4106 502 4169 in
527 4128 583 4170 sua
608 4105 649 4170 ad
671 4107 891 4192 Philippenses
916 4105 1067 4190 Epistola,
1093 4128 1164 4191 cap.
1191 4108 1249 4190 ΙΙΙ,
1275 4103 1389 4172 dicens

292 4335 327 4399 ΙΙ)
338 4334 479 4386 Coronant.
497 4337 524 4386 in
543 4337 631 4402 Epist.
647 4338 683 4388 ed
697 4336 810 4403 Philipp.
832 4335 904 4387 Prul.
918 4334 968 4403 58.
985 4335 1078 4388 Lurun.
