3166 4958
244 267 309 332 220
473 284 672 329 mrnonncno
690 284 836 328 srrcrans
852 285 883 328 m
901 284 926 328 s.
947 284 1147 331 scmrrnaan.

246 408 331 452 nnnc
346 386 492 468 liberius,
514 388 657 472 sequitur
681 382 837 470 quamdiu
856 387 1017 449 sententie
1040 387 1156 450 veteris
1179 384 1373 451 Testamenti

245 511 300 556 eos
317 487 510 575 respondero
523 489 720 574 agnoscit...
736 512 745 571 ;
763 487 819 551 ubi
836 509 900 552 non
916 486 1110 572 respondere
1124 489 1176 552 vel
1190 504 1254 553 nnn
1268 509 1374 554 accu-

245 603 313 657 rate
329 589 522 676 respondere
540 590 657 672 statuit,
673 588 824 654 hebraica
844 589 910 675 ipsa
928 591 961 652 in
977 609 1080 674 graeca
1096 592 1262 654 convertit,
1280 617 1295 652 n

290 696 342 758 15.
366 694 460 778 Oripc
475 705 570 757 textus
581 695 681 777 preci.
700 691 851 756 Nonnulli
867 701 1025 775 auctores,
1041 701 1078 756 ut
1089 692 1231 778 Bisping,
1249 693 1371 777 titane,

247 797 392 879 Wallan,
424 796 588 877 Lecamns,
608 796 641 857 in
672 795 756 858 barac
782 793 937 858 inclinant
967 795 1175 877 sementiam,
1197 804 1233 859 nt
1259 805 1374 883 putent

246 897 430 962 Matthaenm
446 882 550 980 ipsum
570 896 730 959 aramaice
748 895 900 980 primum,
920 891 1038 958 deinde
1051 914 1165 980 grece,
1186 916 1279 960 snum
1294 916 1375 961 exa-

245 999 364 1063 ravisse
383 997 603 1081 Evangelinm,
626 994 685 1059 sed
713 1017 776 1080 quo
805 995 1000 1081 antiquitatis
1022 996 1203 1062 testimonio
1222 998 1375 1063 fulciatur

246 1101 314 1164 bec
329 1100 483 1164 sententia
502 1100 627 1184 ignoro.
649 1099 744 1163 Juxta
767 1099 900 1184 Papiam
920 1123 935 1157 a
957 1099 1181 1184 interpretatus
1201 1111 1248 1165 est
1269 1124 1375 1166 nnus-

245 1204 380 1290 quisque
394 1211 489 1287 prout
501 1203 614 1286 potnit.
631 1227 644 1262 v
660 1202 697 1264 ln
709 1201 827 1286 Synopi
839 1201 1057 1266 Athanasiana
1069 1203 1203 1288 legimus
1217 1227 1225 1267 r
1241 1229 1257 1263 a
1271 1207 1375 1269 Evan-

244 1307 364 1392 gelium
377 1303 553 1370 secundum
570 1305 752 1369 Matthaenm
766 1304 807 1369 ab
822 1305 891 1389 ipso
907 1305 1054 1369 Matthaea
1066 1305 1218 1373 hebraica
1232 1305 1372 1373 diniacta

245 1410 461 1493 conscriptum
485 1418 531 1471 est
553 1417 584 1471 et
609 1406 729 1471 editum
757 1407 983 1492 Hierosolymis
1003 1417 1035 1472 et
1056 1409 1284 1493 interpretante
1310 1411 1374 1474 la-

245 1511 339 1594 ccho,
356 1512 456 1574 fratre
467 1510 595 1597 Domini
610 1508 786 1574 secundnm
801 1530 943 1592 carnem,
961 1508 1151 1595 expositum.
1168 1535 1183 1570 n
1202 1510 1373 1596 Theopby·

245 1616 346 1678 lactus
362 1614 409 1699 (l)
426 1623 458 1677 et
474 1613 659 1699 Euthymios
678 1634 751 1677 cnm
778 1613 940 1676 nonnullis
962 1610 1127 1677 codicibus
1144 1615 1254 1698 graecls
1268 1615 1373 1678 Joan-

247 1738 322 1781 nem
339 1717 528 1802 Apostolum
550 1716 702 1780 versionis
717 1711 827 1800 graecae
850 1725 1016 1780 auctorem
1035 1715 1167 1781 iaciunt.
1186 1714 1278 1781 Unde
1295 1738 1373 1782 cnm

244 1820 278 1884 S.
309 1820 504 1905 Hieronymo
523 1817 744 1883 concludimus
767 1841 775 1881 z
801 1843 815 1876 ι(
847 1820 917 1904 quis
945 1819 1153 1903 Evangelinm
1177 1820 1314 1883 Matthaei
1337 1822 1374 1884 in

245 1941 385 2006 graecum
404 1922 532 1985 verterit
546 1943 611 1986 non
627 1921 700 1985 satis
715 1930 837 1984 certum
855 1930 912 1985 est.
931 1946 946 1982 a

289 1999 402 2123 tt.[ne
416 2026 444 2087 E
446 2023 580 2109 encyclia
593 2024 752 2088 secundnm
764 2023 917 2087 Hebraeos.
933 2023 1138 2110 Quamquam
1150 2027 1250 2089 sancti
1262 2025 1372 2090 Patres

58 2150 62 2173 ¹
134 2154 141 2177 ν
246 2152 311 2194 uno
324 2151 379 2194 ore
392 2128 553 2192 affirmant
567 2138 704 2213 quatuor
715 2124 881 2190 dumtaxat
891 2149 960 2191 esse
973 2127 1147 2214 Evangelia
1160 2150 1266 2215 neque
1277 2132 1372 2214 plura

246 2255 351 2320 neque
367 2233 531 2316 pauciora,
552 2229 640 2315 apud
660 2231 829 2294 nonnullos
845 2239 952 2294 tamen
972 2252 1084 2295 eorum
1100 2233 1219 2297 mentio
1234 2234 1373 2297 occurrit

244 2334 381 2421 alicujus
396 2334 559 2418 Evangelii
574 2334 736 2397 secandum
751 2332 893 2398 Hebraeos
905 2330 993 2416 dicti,
1017 2333 1105 2419 qnod
1121 2334 1164 2399 ab
1182 2337 1372 2421 apocryphis

202 2492 204 2497 .
244 2437 438 2522 distinguere
455 2435 614 2500 videntur.
633 2435 741 2516 Quum
758 2443 865 2499 antem
880 2435 964 2499 istud
985 2437 1194 2523 Evangelium
1210 2459 1275 2503 nan
1295 2458 1371 2502 am-

245 2542 329 2626 plius
345 2541 494 2625 supersit,
517 2537 663 2624 adeoque
687 2560 727 2602 ex
746 2539 815 2623 ipso
833 2548 919 2603 textu
942 2539 984 2604 de
1007 2539 1076 2626 ejus
1095 2542 1205 2606 valore
1220 2540 1370 2627 judicare

246 2665 309 2707 non
336 2643 516 2726 possimne,
541 2664 580 2705 ex
603 2642 788 2704 testimoniis
811 2643 1016 2727 antiquorum
1041 2644 1231 2728 scriptorum
1256 2664 1370 2707 eruere

246 2745 435 2811 conabimur
447 2767 489 2808 an
505 2765 606 2808 unum
626 2743 777 2830 idemque
799 2744 894 2808 inerit
913 2766 987 2809 cnm
1007 2745 1160 2810 hebraico
1178 2746 1210 2811 S.
1231 2746 1369 2810 Matthaei

246 2848 430 2932 Evangelio.
446 2846 518 2910 Jam
531 2856 638 2910 antem
650 2855 771 2909 veteres
788 2839 947 2910 affirmant
959 2845 1036 2930 duo,
1051 2869 1122 2933 quae
1135 2869 1263 2912 omnem
1280 2850 1369 2911 litem

246 2950 338 3026 nobis
359 2947 506 3013 videntur
530 2947 692 3012 dirimere.
718 2946 887 3012 Affirmant
910 2949 1030 3013 scilicet
1050 2949 1136 3015 istud
1158 2952 1368 3035 Evangelium

1558 1501 1566 1525 ἱ

246 3054 321 3119 inde
339 3076 358 3117 a
372 3053 482 3139 primis
502 3050 698 3137 temporibus
713 3052 746 3114 in
762 3073 822 3115 usu
839 3051 935 3115 fnisse
952 3051 1040 3137 apud
1053 3042 1217 3117 Nazaraeos
1233 3064 1264 3117 et
1281 3051 1375 3138 apud·
1485 3116 1489 3121 .

245 3151 419 3238 Ebionitas,
442 3164 474 3219 et
491 3153 631 3220 secundo
650 3152 729 3218 illud
750 3152 968 3218 indifferenter
983 3156 1144 3219 secundum
1160 3156 1300 3220 Hebroens
1315 3156 1370 3219 vel

245 3259 407 3323 secuudum
424 3257 599 3320 Mattianum
617 3243 817 3341 appellant]
839 3242 911 3323 ausa<
936 3240 967 3321 xs-
978 3284 994 3315 ν
1009 3269 1035 3303 ³²·
1053 3296 1062 3347 ·,
1093 3286 1141 3299 ·
1186 3256 1210 3329 fi
1222 3255 1262 3327 d,

291 3360 344 3423 15.
369 3359 566 3444 Hegesippns
585 3380 624 3422 ac
646 3359 776 3443 Papias,
802 3358 960 3444 Apostolis
983 3350 1143 3444 prosimi,
1175 3371 1205 3424 et
1225 3370 1295 3446 post
1315 3382 1370 3427 eos

247 3464 393 3528 Clemens
407 3459 641 3524 Alexandrinus
653 3471 749 3547 atque
765 3461 916 3546 Origenes
926 3461 995 3548 jam
1010 3465 1204 3527 mentionem
1222 3466 1371 3549 ingerunt

248 3565 410 3648 Evangelii
427 3564 587 3627 seeuttdum
600 3563 751 3644 Hebrum,
771 3562 826 3627 sed
843 3574 983 3628 mentem
1000 3586 1091 3629 snam
1107 3565 1147 3630 de
1164 3567 1248 3630 illius
1259 3567 1370 3631 valore

247 3691 312 3734 non
328 3668 476 3752 aperiunt
498 3667 556 3751 (2).
576 3665 659 3730 Illud
677 3676 786 3730 tamen
807 3666 1043 3731 observandum
1061 3679 1107 3732 est
1126 3671 1272 3755 Papiam,
1294 3668 1371 3733 Cle-

246 3781 386 3837 mentem
400 3768 652 3833 Alexandrinnm
666 3780 695 3832 et
708 3770 890 3854 Origenem,
907 3769 1054 3855 quaedam
1072 3794 1109 3835 ex
1125 3772 1184 3836 isto
1197 3771 1371 3856 Evangelio

281 4069 315 4132 (l)
329 4068 410 4132 Pvoef.
426 4066 454 4117 ia
469 4067 621 4133 Eonnpelm.

281 4150 316 4214 (t)
338 4150 492 4212 aegesippus
508 4163 549 4211 ap.
567 4148 660 4200 Euseb.
679 4151 744 4203 Hist.
765 4151 834 4203 Ecct.
858 4148 898 4212 ttt,
917 4148 958 4215 ab
981 4150 1068 4216 Papias
1084 4153 1149 4216 apud
1167 4153 1284 4203 eumdem
1302 4153 1370 4203 litat.

248 4232 319 4284 Ecct.
333 4231 373 4292 lll,
390 4232 431 4294 593
442 4232 558 4282 Clemens
568 4233 606 4283 ΑΙ.
622 4234 717 4284 Strom.
735 4233 801 4296 tt‚,9;
814 4233 934 4298 Origenes
947 4239 1019 4285 llam.
1035 4235 1085 4285 lin
1097 4236 1170 4295 Luc.,·
1186 4240 1263 4286 tract.
1280 4235 1306 4285 X
1309 4235 1331 4287 V
1340 4236 1371 4287 in

248 4313 341 4377 Mattt.
357 4312 420 4374 Xlll,
434 4314 474 4377 193
487 4315 601 4365 latona.
616 4313 646 4377 ll,
658 4315 682 4375 6,
698 4321 724 4366 et
734 4315 796 4366 lllll.
