3166 4958
277 314 346 391 'aot
443 300 454 362 ,'
500 346 700 388 rnraoouorro
719 324 867 389 saucians
884 347 917 389 ιιι
936 346 961 388 s.
977 346 1178 389 searrrunau.

280 448 382 511 rimas
402 447 563 511 cautiones
576 444 785 529 adhibebant,
800 467 841 510 ne
858 445 940 509 falsa
957 467 1015 530 pro
1037 446 1131 528 veris,
1151 446 1335 530 apocrypha
1352 465 1419 529 pro

281 550 470 613 authenticis
486 547 701 612 admitterent
716 547 861 612 Aderant
874 569 972 633 porro
993 548 1120 612 criteria
1143 548 1316 611 certissima
1333 548 1420 633 qui-

284 651 342 714 bus
355 653 463 736 spuria
475 673 495 713 a
510 650 661 735 genuinis
672 647 967 734 distinguerentur:
985 649 1200 713 testimonium
1218 649 1337 712 scilicet
1352 669 1420 712 ec-

282 756 452 819 etesiarum
474 744 528 818 aut
547 773 758 838 personarum
775 746 896 838 quihus
913 753 1031 837 scripta
1049 753 1222 837 apostolica
1242 753 1419 817 commissa

282 858 410 922 fuerant
428 867 459 920 et
475 876 647 921 consensus
660 853 836 938 doctrinae
828 877 860 918 in
877 854 959 918 libro
976 863 1129 918 contentae
1147 875 1219 919 cum
1236 854 1305 918 aliis
1321 854 1418 918 libris

233 966 236 972 ⁴
281 961 379 1024 sacris
399 969 454 1023 aut
469 980 542 1023 cum
559 956 785 1044 praedicatione
801 957 1027 1043 Apostolorum
1045 956 1105 1043 (l)

325 1063 377 1127 10.
398 1062 459 1124 Ubi
472 1062 605 1125 ecclesia
622 1061 742 1146 aliqua,
762 1060 974 1140 Corinthiam,
992 1062 1152 1142 Romana,
1170 1030 1340 1145 Ephesius,
1354 1068 1418 1122 aut

276 1165 356 1248 alia,
375 1166 526 1251 scriptum
549 1162 680 1250 aliquod
696 1164 908 1248 apostolicum
922 1160 963 1226 ad
981 1184 1014 1226 so
1030 1162 1189 1226 directum
1205 1162 1413 1248 suscipiebat,

280 1291 319 1332 eo
336 1271 403 1352 ipso
423 1269 507 1331 testis
523 1265 621 1330 fiebat
640 1266 821 1350 apostolicae
841 1265 937 1351 hujus
955 1266 1063 1350 scripti
1080 1265 1221 1349 originis.
1241 1265 1274 1328 S.
1291 1266 1415 1329 Paulus

280 1370 382 1455 (idom
396 1368 437 1433 de
450 1371 519 1433 aliis
533 1368 693 1454 Apostolis
706 1367 906 1452 dicendum),
921 1368 1185 1454 quotiescumque
1198 1368 1292 1432 alicui
1305 1370 1415 1432 eccle--

279 1473 333 1536 sia
352 1473 518 1559 epistolam
534 1471 692 1557 mittebat,
708 1473 775 1556 ipse
792 1473 924 1557 propria
935 1493 1036 1536 manu
1051 1474 1103 1536 vel
1118 1473 1275 1556 integram
1289 1473 1413 1556 episto-

280 1576 346 1639 lam
370 1575 541 1656 scrihebat,
562 1573 650 1660 quod
672 1575 747 1638 iecit
766 1576 799 1639 in
820 1597 857 1639 ea
878 1597 950 1662 quae
971 1585 1017 1639 est
1040 1575 1080 1639 ad
1101 1577 1335 1658 Philemonem,
1356 1577 1412 1638 vel

278 1680 392 1742 saltem
405 1678 530 1764 aliquas
546 1699 640 1742 voces
653 1676 825 1763 adjiciebat
837 1686 884 1762 ut,
902 1680 1043 1764 inspecta
1057 1679 1225 1764 scriptura,
1242 1677 1351 1742 fideles
1367 1678 1411 1742 de

279 1781 474 1865 genuinitate
487 1781 627 1865 epistola
640 1780 791 1844 certiores
802 1779 1014 1844 redderentur
1023 1781 1083 1868 (2).
1093 1782 1249 1845 Praeterea
1261 1782 1410 1866 epistolas

279 1880 471 1945 deferendas
490 1882 709 1945 committebat
725 1882 799 1945 viris
813 1883 958 1968 apprime
976 1885 1057 1947 notis
1074 1884 1235 1970 ipsiusque
1251 1885 1284 1946 in
1298 1884 1410 1947 Evan-

278 1984 361 2069 gelio
377 1984 657 2078 cooperatoribus3
675 1985 821 2070 plerique
837 1986 966 2048 nomine
983 1974 1039 2049 suo
1056 1984 1164 2050 adhuc
1177 1987 1242 2049 noti
1261 1995 1332 2050 sunt
1344 1986 1405 2072 (5).

277 2089 418 2173 Epistola
431 2098 538 2151 autem
551 2098 682 2173 accepta
694 2087 823 2174 publice
836 2090 869 2152 in
880 2089 1015 2154 ecclesia
1027 2088 1069 2153 ad
1081 2110 1180 2176 quam
1194 2092 1288 2154 missa
1302 2091 1409 2153 luerat

204 2214 206 2221 ’
276 2189 455 2274 legebatur,
475 2199 506 2253 et
522 2191 565 2253 ita
581 2210 693 2253 omnes
709 2188 819 2254 fideles
835 2191 924 2254 istius
942 2192 1082 2255 ecclesiae
1100 2188 1193 2255 testes
1207 2190 1327 2256 fiebant
1341 2211 1407 2276 -ge-

276 2278 441 2356 nuinitatis
456 2302 487 2355 et
504 2292 643 2357 veritatis
657 2293 742 2356 illius
753 2295 904 2378 epistolae.
919 2295 1042 2358 Pariter
1054 2295 1300 2379 Evangeliorum
1313 2304 1408 2358 testes

278 2392 397 2457 fiebant
421 2395 573 2476 ecclesia,
590 2395 623 2457 in
640 2394 757 2481 quihus
776 2397 950 2481 Evangelia
966 2398 1071 2481 primo
1087 2395 1247 2481 publicata
1266 2397 1406 2460 fuerant.

275 2496 339 2561 Ubi
364 2505 470 2560 autem
492 2497 560 2559 haee
584 2498 700 2582 scripta
723 2496 765 2561 ad
789 2499 868 2562 alias
892 2500 1041 2563 ecclesias
1063 2493 1316 2581 deferebantur,
1343 2502 1410 2563 istae

277 2601 419 2664 ecclesiae
436 2601 530 2663 simul
552 2622 625 2663 cum
646 2602 769 2687 scriptis
784 2603 964 2667 testimonia
981 2624 1092 2667 eorum
1113 2604 1167 2690 qui
1183 2604 1239 2667 illa
1256 2604 1411 2667 miserant

277 2702 490 2788 accipiebant.
503 2703 535 2765 Si
549 2720 625 2766 vero
638 2702 770 2789 aliquod
784 2702 926 2790 prodiret
938 2707 1091 2791 scriptum
1105 2715 1198 2770 antea
1211 2708 1410 2791 incognitum

277 2807 345 2871 sive
361 2807 420 2871 suh
439 2808 568 2871 nomine
583 2808 824 2892 Apostolorum,
843 2811 908 2874 sive
924 2810 984 2874 suh
1000 2812 1063 2874 alio
1080 2832 1285 2896 quocumque
1302 2811 1407 2892 titulo,

277 2911 381 2999 prima
396 2911 526 2997 quaestio
540 2920 607 2974 erat
624 2934 631 2974 :
645 2932 663 2974 a
677 2933 754 2996 quo,
768 2934 827 2997 per
840 2934 932 2998 quos,
949 2912 1156 2999 quandonam
1168 2923 1200 2978 et
1213 2912 1409 2998 quibusnam

276 3021 357 3075 esset
374 3014 527 3097 scriptum
544 3013 690 3076 allatum.
709 3012 803 3094 Quod
822 3015 848 3077 si
872 3023 1029 3079 constaret
1050 3036 1117 3080 esse
1133 3014 1176 3078 ab
1196 3015 1355 3098 Apostolis
1373 3015 1409 3079 in

277 3135 401 3179 canone
417 3115 643 3201 recipiebatur,
662 3117 710 3180 sin
728 3137 805 3181 vero
825 3115 1043 3203 rejiciebatur.¹

1206 3327 1247 3390 'b

308 3462 344 3526 (t)
354 3463 380 3513 S.
392 3461 511 3521 lrenaeus,
522 3462 623 3512 Contra
631 3463 694 3513 ltoer.
703 3464 721 3514 1.
731 3463 774 3525 lli,
783 3477 806 3515 c.
817 3463 891 3526 xta,
901 3465 990 3528 probat
999 3464 1100 3528 Evange
1121 3478 1165 3515 um
1173 3459 1409 3516 Valentinianorum

275 3542 449 3608 rejiciendum,
465 3556 497 3593 ex
509 3555 539 3593 eo
552 3545 620 3606 quod
633 3544 759 3608 discrepat
771 3545 803 3596 ab
819 3545 963 3608 Evangeliis
977 3545 1164 3609 Apostolorum.
1181 3545 1246 3595 itio.
1265 3558 1321 3608 cap.
1334 3543 1376 3607 lv,
1394 3548 1406 3596 t

274 3628 349 3679 docet
365 3625 391 3674 in
405 3624 627 3688 disceptationibus
643 3628 829 3678 recurrendum
846 3628 881 3676 art
899 3627 1097 3691 antiquissimas
1116 3627 1251 3687 ecelesias,
1268 3627 1299 3677 in
1314 3626 1412 3693 quibus

273 3704 393 3771 Apostoli
414 3705 561 3755 contutati
576 3711 645 3767 aunt,
665 3712 689 3758 et
706 3706 740 3756 ob
758 3707 959 3758 estrumentum
976 3709 1045 3773 qaod
1059 3714 1158 3759 certum
1173 3714 1197 3760 et
1214 3708 1340 3774 liquidum
1358 3714 1408 3760 rat.

173 3840 176 3851 ,
274 3788 327 3839 Gir.
344 3788 451 3838 lectuli.
466 3788 500 3838 oa
513 3789 664 3854 praescript.
680 3790 721 3852 19,
738 3790 779 3842 32.

245 3920 251 3932 ,
307 3871 341 3936 (2)
355 3871 398 3922 Sic
412 3872 461 3922 inl
477 3871 540 3923 Cor.
553 3872 616 3934 xvi,
634 3872 663 3923 at
679 3887 685 3923 :
700 3873 831 3924 Salutatio
843 3887 900 3924 meo
910 3887 990 3924 manu
1005 3875 1093 3926 Pauli.
1109 3874 1137 3924 ln
1150 3876 1236 3940 Epist.
1251 3875 1287 3925 od
1302 3875 1407 3929 Colore.

273 3952 315 4015 lv,
332 3954 362 4004 18
375 3967 381 4001 :
392 3952 524 4004 salutatio
535 3967 593 4003 mea
607 3968 688 4005 mauu
698 3955 785 4006 Pauli.
798 3954 925 4006 Memorea
934 3961 1010 4007 estote
1019 3957 1182 4008 vinculorum
1194 3970 1318 4008 meorum.
1338 3956 1413 4010 Gra-

273 4036 313 4085 tia
334 4033 474 4085 oobiaeum.
495 4034 586 4085 Amara
612 4035 640 4085 ln
658 4036 685 4088 li
706 4037 817 4088 Thessal.
834 4036 876 4099 ΙΙΙ,
898 4038 928 4089 ta
950 4052 956 4088 :
982 4039 1111 4090 salutatio
1133 4053 1191 4090 mea
1207 4052 1288 4090 manu
1303 4039 1411 4091 Pauli:

273 4116 342 4179 quod
354 4120 391 4165 eat
400 4115 504 4179 rippam
517 4116 546 4165 io
559 4117 632 4167 omni
643 4118 772 4182 epistota;
785 4118 824 4168 ita
834 4117 932 4171 acribo.
966 4138 969 4145 ·

307 4196 343 4258 (5)
356 4197 397 4247 Sic
410 4197 440 4246 ad
452 4197 628 4259 Philippenses
642 4198 778 4261 Epistolam
789 4200 859 4250 misit
873 4213 919 4264 per
932 4199 1131 4264 Epaphroditum
1142 4220 1149 4262 ;
1164 4203 1195 4252 ad
1207 4200 1351 4252 Corinthios
1360 4215 1411 4265 per

274 4275 449 4337 Fortunatum,
468 4278 623 4341 Stephanum
641 4286 667 4331 et
683 4281 819 4331 Achaicum
828 4297 836 4349 3
851 4281 883 4333 ad
898 4281 1058 4334 colossenses
1079 4296 1124 4347 per
1141 4283 1279 4348 ‘tychicum
1293 4289 1319 4334 et
1336 4282 1411 4336 One·

276 4371 380 4410 simum.
