3168 4948
338 293 412 338 rans
427 294 461 339 11.
476 293 570 337 canor
580 294 627 337 111.
643 293 680 336 oa
694 291 817 337 onrcmn
828 294 863 337 ar
875 294 1033 339 locrorur.
1047 296 1090 340 1v.
1110 294 1240 340 amuco.
1288 275 1350 340 267

225 397 299 459 tuor
321 393 493 478 Evangelia
516 392 714 479 designabat.
741 394 811 457 Hoc
835 416 915 480 opus
938 395 1112 460 confutavit
1132 396 1275 481 Agrippa
1290 395 1350 460 Ca-

226 505 293 561 stor
308 495 367 582 (1).
387 495 531 560 Clemens
548 495 795 581 Alexandrinus,
820 498 1017 584 Epiphanius
1040 508 1072 563 at
1094 498 1214 564 Auctor
1237 497 1351 562 Philo-

225 599 431 685 sophumenou
454 598 546 664 nohis
568 598 718 686 quadam
739 611 905 665 servarunt
926 603 1105 669 testimmia
1129 624 1167 666 ex
1191 603 1356 684 Matthaeo,

227 701 312 767 Lura
335 712 367 767 et
388 703 512 767 Joanne
534 724 554 766 a
578 701 717 767 Basilide
738 713 889 788 usurpata
912 703 972 790 (Ι).
997 705 1160 785 Naasseni,
1178 704 1299 768 Peratae
1323 712 1353 767 et

227 805 364 890 Ophitae,
376 816 411 869 ut
425 807 521 871 ¹ceteri
534 805 686 889 Gnostici,
705 805 919 871 abutebantur
930 808 1110 893 Evangeliis
1125 805 1168 872 ad
1180 828 1253 871 suos
1265 828 1353 870 erro-

225 931 277 974 res
294 907 559 993 cohonestandos,
585 917 759 974 utconstat
775 909 867 972 exiis
885 930 956 995 quae
971 911 1071 975 refert
1092 919 1204 974 auctor
1228 911 1353 994 ignotus

226 1008 528 1093 Philosophumenon
544 1008 605 1096 (ὅ).

271 1111 324 1177 45.
343 1112 491 1185 Marcion,
510 1109 635 1198 Synope
652 1111 686 1176 in
701 1110 803 1177 Ponto
817 1111 945 1176 ineunte
960 1113 1075 1177 seculo
1098 1112 1128 1176 ΙΙ
1141 1121 1245 1194 natus,
1259 1132 1352 1175 erro-

227 1235 279 1278 res
294 1236 366 1278 suos
383 1215 495 1279 Roma
510 1235 689 1300 propagare
709 1214 875 1300 satagebat
896 1217 980 1281 circa
994 1236 1115 1280 annum
1130 1215 1192 1279 150
1204 1215 1254 1278 vel
1275 1214 1349 1278 lto.

227 1317 382 1400 Marcion,
399 1310 515 1401 dignus
533 1317 589 1403 qui
606 1317 721 1382 scholae
735 1317 943 1403 Tubiugensis
959 1338 1134 1403 praecursor
1150 1316 1251 1398 fieret,
1270 1336 1365 1380 con-²

226 1419 380 1486 tendebat
394 1419 564 1504 Apostolus
583 1418 788 1485 admiscuisse
809 1442 847 1485 ea
868 1442 939 1507 quae
959 1430 1031 1484 sunt
1047 1421 1163 1506 legalia
1180 1420 1352 1497 Salvatoris

227 1521 345 1605 vorbis,
360 1522 497 1610 Paulum
509 1530 630 1605 tamen,
647 1542 687 1585 eo
700 1520 787 1607 quod
800 1521 931 1587 Petrum
949 1520 1204 1608 reprehendisset
1224 1521 1257 1583 in
1272 1520 1352 1603 Epi-

227 1626 308 1690 stola
330 1622 372 1688 ad
394 1623 537 1707 Galatas,
560 1625 725 1709 puriorem
745 1623 911 1689 tradidisse
934 1623 1124 1693 doctrinam.
1143 1621 1266 1688 ldcirco
1285 1621 1353 1706 ipse

227 1729 332 1793 solum
354 1724 543 1791 admittebat
564 1726 655 1791 Pauli
677 1727 834 1812 Epistolas
858 1735 889 1791 et
917 1728 1009 1791 Luca
1036 1726 1256 1810 Evangelinm,
1281 1744 1353 1808 quae

228 1841 336 1894 tamen
355 1828 576 1894 decantaverat
596 1839 638 1913 et,
656 1839 751 1915 prout
770 1831 829 1915 ipsi
850 1851 930 1916 opus
950 1838 1028 1912 erat,
1052 1829 1217 1893 vitiaverat
1236 1826 1295 1911 (Ι).
1317 1826 1350 1890 S.

227 1932 423 2018 Epiphanius
448 1931 496 2017 (5)
519 1933 702 1997 summatim
725 1930 877 1997 iudicavit
904 1934 1007 2018 capita
1031 1931 1193 2016 Evangelii
1219 1909 1311 1993 llucae
1334 1951 1353 1992 a

229 2035 390 2099 Marcione
411 2042 546 2099 servata.
566 2036 692 2120 Exque
708 2037 883 2099 summario
901 2034 1026 2118 deoepti
1044 2034 1216 2113 Eichhorn,
1237 2041 1354 2116 etpost

230 2159 305 2203 eum
316 2135 495 2219 Bertholdt,
508 2137 690 2220 Schwegler
702 2147 798 2224 atque
811 2138 945 2221 Ritsohl,
955 2135 1187 2201 contenderunt
1200 2137 1352 2219 seriptum

231 2237 314 2302 istud
343 2238 568 2323 primigeniam
588 2238 709 2302 referre
735 2239 874 2303 formam
893 2238 1055 2323 Evangelii
1079 2238 1170 2301 Lucae
1194 2234 1236 2300 ad
1259 2257 1352 2300 usum

230 2342 480 2408 Christianorum
502 2362 567 2406 non
581 2340 814 2428 judaizantium
835 2341 983 2424 conlecti,
1005 2349 1148 2405 nostrum
1167 2359 1241 2404 vcro
1262 2341 1353 2404 Lueae

230 2447 480 2508 Instrumentum
505 2465 563 2529 per
590 2445 868 2530 interpolationem
898 2466 938 2509 ex
966 2445 1022 2508 illo
1047 2443 1183 2508 derivari
1207 2443 1354 2530 adeoque

230 2548 287 2612 illo
311 2546 468 2611 recentius
490 2567 569 2610 esse.
594 2546 657 2610 Sed
690 2547 904 2633 Epiphaniam
928 2569 992 2611 non
1023 2547 1257 2612 intellexerunt.
1282 2548 1376 2632 Ipse,

221 2650 318 2714 enim
334 2649 378 2712 ait
395 2672 403 2712 ε
424 2673 439 2707 «
458 2650 631 2713 Marcionis.
640 2648 722 2714 liber
732 2651 940 2736 Evangelinm
953 2649 1128 2715 secundum
1144 2652 1263 2714 Lucam
1276 2651 1354 2735 stylo

232 2752 301 2837 ipso
314 2752 436 2815 referre
448 2750 586 2835 videtum
600 2762 636 2816 ut
647 2762 754 2816 autem
769 2752 812 2817 ab
825 2775 863 2817 eo
882 2753 1044 2817 mutilatus
1057 2761 1114 2833 est,
1129 2752 1229 2835 initio,
1248 2749 1354 2816 medio

233 2876 272 2919 ac
283 2854 346 2918 fine
359 2853 542 2938 decurtatis,
558 2856 706 2920 corrosla
725 2856 814 2920 tineis
831 2854 973 2941 undiquc
985 2856 1162 2921 vestimenti
1175 2856 1351 2919 simillimus
1388 2855 1389 2858 ’

231 2965 289 3021 est.
317 2956 440 3020 Etenim
460 2954 591 3041 abipso
614 2957 719 3022 statim
743 2958 830 3021 initio
854 2978 892 3022 ea
914 2956 999 3021 unde
1020 2958 1120 3021 Lucas
1140 2978 1267 3021 exorsus
1292 2966 1350 3038 est,

232 3059 394 3142 nimirum,
415 3062 560 3145 quoniam
578 3059 667 3124 multi
688 3061 807 3145 qurilcm
825 3063 925 3124 conati
941 3071 1013 3124 suut
1036 3060 1176 3124 ordinare
1194 3063 1352 3125 narratio-

230 3183 310 3236 nem,
329 3169 405 3238 eto,
422 3182 576 3225 unacum
596 3160 784 3227 Elisabethae
801 3172 831 3225 et
852 3161 957 3247 angeli
975 3160 1081 3225 uarie
1102 3163 1247 3224 nuntium
1269 3161 1351 3226 affe-

230 3264 327 3328 rentis
350 3263 493 3346 historia,
519 3264 649 3328 Joannis
672 3265 747 3328 item
767 3286 805 3329 ac
822 3264 993 3342 Zacharia,
1016 3261 1162 3348 adeoque
1183 3264 1248 3327 nati
1265 3263 1353 3350 apud

229 3366 395 3429 Bethleem
411 3366 538 3430 Domini
551 3387 624 3430 cum
640 3366 784 3453 ejusdem
797 3367 982 3452 genealogia
998 3387 1037 3430 ac
1049 3366 1256 3450 baptismate:
1270 3367 1350 3450 haec,

230 3471 375 3555 inquam,
398 3468 503 3532 omnia
534 3468 766 3533 circumcidens
790 3491 829 3534 ac
849 3469 1026 3533 transiliens
1048 3467 1122 3533 inde
1146 3470 1353 3555 Evangelinm

231 3570 417 3636 exorditur:
436 3594 515 3637 ortuo
531 3573 592 3636 XV
610 3572 723 3636 Tiberii
743 3572 883 3647 Caesoris,
905 3583 966 3638 etc.
989 3573 1099 3658 Neque
1119 3585 1227 3639 tamen
1249 3585 1354 3639 cetera

264 3826 299 3891 (l)
319 3826 411 3877 Euseb.
435 3825 502 3877 lltst.
528 3824 596 3877 ltccl.
615 3824 655 3886 ΙΙ,
672 3827 695 3876 Ι.
716 3825 768 3876 Clr.
790 3825 909 3878 llolstede
922 3827 954 3877 de
972 3828 1057 3888 Groot,
1076 3827 1127 3878 Bas
1139 3829 1200 3878 tides
1214 3829 1254 3879 als
1273 3835 1354 3881 arator

230 3909 312 3975 zare
327 3909 373 3972 sttr
387 3909 535 3960 Auctorttr'tt
553 3908 668 3959 Neutest.
684 3908 792 3973 Schrtst.
808 3909 909 3971 Lipsiae,
926 3909 998 3960 1868.

265 3988 299 4054 (2)
318 3988 369 4040 (ΙΙΙ.
390 3989 506 4041 Clemens
522 3991 571 4051 ΑΙ,
587 3990 684 4042 Strom.
702 3989 743 4052 ΙΙΙ,
760 3994 784 4054 Ι;
802 3990 935 4054 Epiphan,
953 3991 1023 4042 Haer.
1040 3991 1121 4054 ΙΙΙΙΙΙΙ,
1139 3992 1163 4056 53
1184 3992 1354 4060 Prttlosoptu·

230 4087 305 4124 meua
318 4070 370 4133 Vll,
386 4070 428 4128 22,
444 4071 485 4133 26,
501 4072 542 4123 ΙΙ.

264 4155 298 4218 (ὅ)
311 4152 543 4217 Philosoplrumeno
554 4155 584 4215 V,
595 4155 646 4217 8-9,
663 4154 703 4217 lt,
718 4155 756 4206 16.

264 4235 298 4298 (Ι)
311 4234 364 4285 Clr.
375 4233 493 4295 lrenaeus,
508 4235 606 4287 Contra
622 4237 684 4288 lraer.
700 4237 742 4300 ΙΙΙ,
758 4237 789 4300 ΙΙ,
801 4237 826 4302 23
839 4237 891 4301 XII,
909 4236 948 4290 lt.

267 4319 302 4382 (5)
313 4321 382 4367 Har.
393 4316 467 4381 ΙΙΙΙΙ,
484 4317 571 4368 11-12.
