<?xml version="1.0" encoding="UTF-8"?>
<!DOCTYPE html PUBLIC "-//W3C//DTD XHTML 1.0 Transitional//EN"
    "http://www.w3.org/TR/xhtml1/DTD/xhtml1-transitional.dtd">
<html xmlns="http://www.w3.org/1999/xhtml" xml:lang="en" lang="en">
 <head>
  <title>
</title>
<meta http-equiv="Content-Type" content="text/html;charset=utf-8" />
  <meta name='ocr-system' content='tesseract 3.04.00' />
  <meta name='ocr-capabilities' content='ocr_page ocr_carea ocr_par ocr_line ocrx_word'/>
</head>
<body>
  <div class='ocr_page' id='page_1' title='image "./introductioinsa00lamygoog/introductioinsa00lamygoog_0250.png"; bbox 0 0 3166 4958; ppageno 0'>
   <div class='ocr_carea' id='block_1_1' title="bbox 292 297 1304 362">
    <p class='ocr_par' dir='ltr' id='par_1_1' title="bbox 292 297 1304 362">
     <span class='ocr_line' id='line_1_1' title="bbox 292 297 1304 362; baseline 0.013 -14"><span class='ocrx_word' id='word_1_1' title='bbox 292 302 367 348; x_wconf 81' lang='lat' dir='ltr'><strong>mas</strong></span> <span class='ocrx_word' id='word_1_2' title='bbox 379 304 414 349; x_wconf 85' lang='lat'><strong>11.</strong></span> <span class='ocrx_word' id='word_1_3' title='bbox 434 302 1053 359; x_wconf 76' lang='lat' dir='ltr'><strong>carmin.osomomssranoroarr.1v.</strong></span> <span class='ocrx_word' id='word_1_4' title='bbox 1069 312 1198 358; x_wconf 70' lang='lat' dir='ltr'><strong>avanae.</strong></span> <span class='ocrx_word' id='word_1_5' title='bbox 1245 297 1304 362; x_wconf 73' lang='lat'><strong>241</strong></span> 
     </span>
    </p>
   </div>
   <div class='ocr_carea' id='block_1_2' title="bbox 169 403 1341 4399">
    <p class='ocr_par' dir='ltr' id='par_1_2' title="bbox 169 403 1341 3990">
     <span class='ocr_line' id='line_1_2' title="bbox 229 403 1308 499; baseline 0.011 -30"><span class='ocrx_word' id='word_1_6' title='bbox 229 403 281 469; x_wconf 78' lang='lat'><strong>15.</strong></span> <span class='ocrx_word' id='word_1_7' title='bbox 308 403 440 469; x_wconf 79' lang='lat' dir='ltr'><strong>Paulus.</strong></span> <span class='ocrx_word' id='word_1_8' title='bbox 460 405 591 468; x_wconf 90' lang='lat' dir='ltr'><strong>Interim</strong></span> <span class='ocrx_word' id='word_1_9' title='bbox 614 404 732 469; x_wconf 81' lang='lat' dir='ltr'><strong>Paulus</strong></span> <span class='ocrx_word' id='word_1_10' title='bbox 752 405 1040 496; x_wconf 75' lang='lat' dir='ltr'><strong>heidelbergensis,</strong></span> <span class='ocrx_word' id='word_1_11' title='bbox 1058 415 1195 499; x_wconf 77' lang='lat' dir='ltr'><strong>vestigiis</strong></span> <span class='ocrx_word' id='word_1_12' title='bbox 1213 417 1308 481; x_wconf 90' lang='lat' dir='ltr'><strong>Sem·</strong></span> 
     </span>
     <span class='ocr_line' id='line_1_3' title="bbox 182 506 1309 599; baseline 0.012 -28"><span class='ocrx_word' id='word_1_13' title='bbox 182 507 242 571; x_wconf 92' lang='lat' dir='ltr'><strong>leri</strong></span> <span class='ocrx_word' id='word_1_14' title='bbox 259 517 291 571; x_wconf 89' lang='lat' dir='ltr'><strong>et</strong></span> <span class='ocrx_word' id='word_1_15' title='bbox 302 507 409 571; x_wconf 90' lang='lat' dir='ltr'><strong>Kantii</strong></span> <span class='ocrx_word' id='word_1_16' title='bbox 427 506 584 590; x_wconf 90' lang='lat' dir='ltr'><strong>insistens,</strong></span> <span class='ocrx_word' id='word_1_17' title='bbox 598 528 717 572; x_wconf 86' lang='lat' dir='ltr'><strong>novum</strong></span> <span class='ocrx_word' id='word_1_18' title='bbox 733 509 934 594; x_wconf 76' lang='lat' dir='ltr'><strong>excogitabat</strong></span> <span class='ocrx_word' id='word_1_19' title='bbox 949 523 1095 599; x_wconf 80' lang='lat' dir='ltr'><strong>systema,</strong></span> <span class='ocrx_word' id='word_1_20' title='bbox 1113 519 1309 586; x_wconf 71' lang='lat' dir='ltr'><strong>naturatumi</strong></span> 
     </span>
     <span class='ocr_line' id='line_1_4' title="bbox 182 609 1308 709; baseline 0.01 -33"><span class='ocrx_word' id='word_1_21' title='bbox 182 611 314 676; x_wconf 89' lang='lat' dir='ltr'><strong>nomine</strong></span> <span class='ocrx_word' id='word_1_22' title='bbox 329 610 526 695; x_wconf 79' lang='lat' dir='ltr'><strong>insignitum,</strong></span> <span class='ocrx_word' id='word_1_23' title='bbox 540 631 604 695; x_wconf 92' lang='lat' dir='ltr'><strong>quo</strong></span> <span class='ocrx_word' id='word_1_24' title='bbox 618 609 775 696; x_wconf 89' lang='lat' dir='ltr'><strong>quidquid</strong></span> <span class='ocrx_word' id='word_1_25' title='bbox 788 617 1029 696; x_wconf 83' lang='lat' dir='ltr'><strong>supernaturale</strong></span> <span class='ocrx_word' id='word_1_26' title='bbox 1041 627 1088 682; x_wconf 86' lang='lat' dir='ltr'><strong>est</strong></span> <span class='ocrx_word' id='word_1_27' title='bbox 1102 620 1145 684; x_wconf 88' lang='lat' dir='ltr'><strong>ab</strong></span> <span class='ocrx_word' id='word_1_28' title='bbox 1157 623 1308 709; x_wconf 80' lang='lat' dir='ltr'><strong>Evange-</strong></span> 
     </span>
     <span class='ocr_line' id='line_1_5' title="bbox 182 712 1307 799; baseline 0.009 -20"><span class='ocrx_word' id='word_1_29' title='bbox 182 717 234 780; x_wconf 86' lang='lat' dir='ltr'><strong>liis</strong></span> <span class='ocrx_word' id='word_1_30' title='bbox 262 715 394 779; x_wconf 89' lang='lat' dir='ltr'><strong>tollitur.</strong></span> <span class='ocrx_word' id='word_1_31' title='bbox 414 712 533 776; x_wconf 87' lang='lat' dir='ltr'><strong>Paulus</strong></span> <span class='ocrx_word' id='word_1_32' title='bbox 556 734 628 778; x_wconf 84' lang='lat' dir='ltr'><strong>suas</strong></span> <span class='ocrx_word' id='word_1_33' title='bbox 651 712 811 779; x_wconf 83' lang='lat' dir='ltr'><strong>doctrinas</strong></span> <span class='ocrx_word' id='word_1_34' title='bbox 838 714 951 799; x_wconf 84' lang='lat' dir='ltr'><strong>pandit</strong></span> <span class='ocrx_word' id='word_1_35' title='bbox 973 719 1006 782; x_wconf 93' lang='lat' dir='ltr'><strong>in</strong></span> <span class='ocrx_word' id='word_1_36' title='bbox 1026 719 1251 789; x_wconf 59' lang='lat' dir='ltr'><strong>*Commentario</strong></span> <span class='ocrx_word' id='word_1_37' title='bbox 1266 729 1307 790; x_wconf 68' lang='lat' dir='ltr'><strong>,ia</strong></span> 
     </span>
     <span class='ocr_line' id='line_1_6' title="bbox 184 813 1306 907; baseline 0.01 -27"><span class='ocrx_word' id='word_1_38' title='bbox 184 827 315 902; x_wconf 81' lang='lat' dir='ltr'><strong>quotuor</strong></span> <span class='ocrx_word' id='word_1_39' title='bbox 330 813 508 899; x_wconf 73' lang='lat' dir='ltr'><strong>Eeonqelio,</strong></span> <span class='ocrx_word' id='word_1_40' title='bbox 525 813 613 900; x_wconf 92' lang='lat' dir='ltr'><strong>quod</strong></span> <span class='ocrx_word' id='word_1_41' title='bbox 625 814 668 880; x_wconf 86' lang='lat' dir='ltr'><strong>ab</strong></span> <span class='ocrx_word' id='word_1_42' title='bbox 680 836 764 880; x_wconf 85' lang='lat' dir='ltr'><strong>anno</strong></span> <span class='ocrx_word' id='word_1_43' title='bbox 780 816 866 880; x_wconf 71' lang='lat'>1800</span> <span class='ocrx_word' id='word_1_44' title='bbox 877 816 1007 902; x_wconf 89' lang='lat' dir='ltr'><strong>prodiit,</strong></span> <span class='ocrx_word' id='word_1_45' title='bbox 1019 829 1053 883; x_wconf 90' lang='lat' dir='ltr'><strong>et</strong></span> <span class='ocrx_word' id='word_1_46' title='bbox 1067 822 1100 885; x_wconf 93' lang='lat' dir='ltr'><strong>in</strong></span> <span class='ocrx_word' id='word_1_47' title='bbox 1121 825 1194 888; x_wconf 85' lang='lat' dir='ltr'><strong>Vite</strong></span> <span class='ocrx_word' id='word_1_48' title='bbox 1209 829 1283 891; x_wconf 81' lang='lat' dir='ltr'><strong>Jess</strong></span> <span class='ocrx_word' id='word_1_49' title='bbox 1291 850 1306 907; x_wconf 90' lang='lat'><em>;</em></span> 
     </span>
     <span class='ocr_line' id='line_1_7' title="bbox 183 916 1306 1013; baseline 0.011 -31"><span class='ocrx_word' id='word_1_50' title='bbox 183 925 329 983; x_wconf 88' lang='lat' dir='ltr'><strong>mortuus</strong></span> <span class='ocrx_word' id='word_1_51' title='bbox 343 925 390 981; x_wconf 89' lang='lat' dir='ltr'><strong>est</strong></span> <span class='ocrx_word' id='word_1_52' title='bbox 401 937 486 980; x_wconf 89' lang='lat' dir='ltr'><strong>anno</strong></span> <span class='ocrx_word' id='word_1_53' title='bbox 493 916 514 979; x_wconf 53' lang='lat'><strong>11</strong></span> <span class='ocrx_word' id='word_1_54' title='bbox 520 916 594 992; x_wconf 78' lang='lat' dir='ltr'><strong>85l.</strong></span> <span class='ocrx_word' id='word_1_55' title='bbox 608 917 737 1000; x_wconf 87' lang='lat' dir='ltr'><strong>Paulus,</strong></span> <span class='ocrx_word' id='word_1_56' title='bbox 751 926 786 981; x_wconf 91' lang='lat' dir='ltr'><strong>ut</strong></span> <span class='ocrx_word' id='word_1_57' title='bbox 799 917 969 1004; x_wconf 80' lang='lat' dir='ltr'><strong>semlerus,</strong></span> <span class='ocrx_word' id='word_1_58' title='bbox 986 932 1123 1007; x_wconf 82' lang='lat' dir='ltr'><strong>quatuor</strong></span> <span class='ocrx_word' id='word_1_59' title='bbox 1135 927 1306 1013; x_wconf 76' lang='lat' dir='ltr'><strong>Evangelia</strong></span> 
     </span>
     <span class='ocr_line' id='line_1_8' title="bbox 184 1016 1308 1108; baseline 0.009 -24"><span class='ocrx_word' id='word_1_60' title='bbox 184 1029 222 1084; x_wconf 91' lang='lat' dir='ltr'><strong>ut</strong></span> <span class='ocrx_word' id='word_1_61' title='bbox 235 1041 310 1085; x_wconf 81' lang='lat' dir='ltr'><strong>rere</strong></span> <span class='ocrx_word' id='word_1_62' title='bbox 327 1018 476 1083; x_wconf 90' lang='lat' dir='ltr'><strong>historica</strong></span> <span class='ocrx_word' id='word_1_63' title='bbox 490 1017 607 1101; x_wconf 68' lang='lat' dir='ltr'><strong>habet,</strong></span> <span class='ocrx_word' id='word_1_64' title='bbox 628 1016 683 1082; x_wconf 90' lang='lat' dir='ltr'><strong>sed</strong></span> <span class='ocrx_word' id='word_1_65' title='bbox 697 1017 790 1104; x_wconf 87' lang='lat' dir='ltr'><strong>juxta</strong></span> <span class='ocrx_word' id='word_1_66' title='bbox 808 1019 913 1103; x_wconf 90' lang='lat' dir='ltr'><strong>ipsum</strong></span> <span class='ocrx_word' id='word_1_67' title='bbox 927 1016 1100 1108; x_wconf 82' lang='lat' dir='ltr'><strong>Evangelia</strong></span> <span class='ocrx_word' id='word_1_68' title='bbox 1116 1027 1195 1091; x_wconf 90' lang='lat' dir='ltr'><strong>nihil</strong></span> <span class='ocrx_word' id='word_1_69' title='bbox 1209 1027 1308 1095; x_wconf 86' lang='lat' dir='ltr'><strong>diffe-</strong></span> 
     </span>
     <span class='ocr_line' id='line_1_9' title="bbox 185 1118 1307 1218; baseline 0.01 -32"><span class='ocrx_word' id='word_1_70' title='bbox 185 1131 260 1187; x_wconf 90' lang='lat' dir='ltr'><strong>runt</strong></span> <span class='ocrx_word' id='word_1_71' title='bbox 274 1120 395 1187; x_wconf 85' lang='lat' dir='ltr'><strong>a&#39;libris</strong></span> <span class='ocrx_word' id='word_1_72' title='bbox 406 1119 561 1205; x_wconf 76' lang='lat' dir='ltr'><strong>profanis,</strong></span> <span class='ocrx_word' id='word_1_73' title='bbox 576 1141 636 1184; x_wconf 93' lang='lat' dir='ltr'><strong>nec</strong></span> <span class='ocrx_word' id='word_1_74' title='bbox 651 1118 829 1206; x_wconf 79' lang='lat' dir='ltr'><strong>quidquam</strong></span> <span class='ocrx_word' id='word_1_75' title='bbox 845 1120 989 1187; x_wconf 87' lang='lat' dir='ltr'><strong>divimrm</strong></span> <span class='ocrx_word' id='word_1_76' title='bbox 1008 1125 1084 1210; x_wconf 89' lang='lat' dir='ltr'><strong>ipsis</strong></span> <span class='ocrx_word' id='word_1_77' title='bbox 1097 1127 1190 1214; x_wconf 74' lang='lat' dir='ltr'><strong>inest,</strong></span> <span class='ocrx_word' id='word_1_78' title='bbox 1212 1141 1307 1218; x_wconf 89' lang='lat' dir='ltr'><strong>atquc</strong></span> 
     </span>
     <span class='ocr_line' id='line_1_10' title="bbox 185 1222 1309 1310; baseline 0.007 -20"><span class='ocrx_word' id='word_1_79' title='bbox 185 1224 305 1290; x_wconf 88' lang='lat' dir='ltr'><strong>idcirco</strong></span> <span class='ocrx_word' id='word_1_80' title='bbox 318 1224 409 1288; x_wconf 87' lang='lat' dir='ltr'><strong>Jesus</strong></span> <span class='ocrx_word' id='word_1_81' title='bbox 427 1243 632 1308; x_wconf 78' lang='lat' dir='ltr'><strong>nequaquam</strong></span> <span class='ocrx_word' id='word_1_82' title='bbox 647 1222 731 1286; x_wconf 87' lang='lat' dir='ltr'><strong>Deus</strong></span> <span class='ocrx_word' id='word_1_83' title='bbox 747 1222 981 1310; x_wconf 75' lang='lat' dir='ltr'><strong>praedicandus,</strong></span> <span class='ocrx_word' id='word_1_84' title='bbox 1004 1227 1061 1293; x_wconf 86' lang='lat' dir='ltr'><strong>sed</strong></span> <span class='ocrx_word' id='word_1_85' title='bbox 1075 1231 1125 1295; x_wconf 82' lang='lat' dir='ltr'><strong>vir</strong></span> <span class='ocrx_word' id='word_1_86' title='bbox 1143 1229 1309 1300; x_wconf 78' lang='lat' dir='ltr'><strong>dumtaxat</strong></span> 
     </span>
     <span class='ocr_line' id='line_1_11' title="bbox 185 1325 1309 1419; baseline 0.01 -27"><span class='ocrx_word' id='word_1_87' title='bbox 185 1328 314 1413; x_wconf 79' lang='lat' dir='ltr'><strong>ingenio</strong></span> <span class='ocrx_word' id='word_1_88' title='bbox 329 1334 425 1410; x_wconf 89' lang='lat' dir='ltr'><strong>atque</strong></span> <span class='ocrx_word' id='word_1_89' title='bbox 438 1325 552 1389; x_wconf 84' lang='lat' dir='ltr'><strong>virtute</strong></span> <span class='ocrx_word' id='word_1_90' title='bbox 568 1345 668 1410; x_wconf 86' lang='lat' dir='ltr'><strong>quam</strong></span> <span class='ocrx_word' id='word_1_91' title='bbox 684 1327 823 1389; x_wconf 86' lang='lat' dir='ltr'><strong>maxime</strong></span> <span class='ocrx_word' id='word_1_92' title='bbox 839 1329 1039 1412; x_wconf 86' lang='lat' dir='ltr'><strong>conspicuus,</strong></span> <span class='ocrx_word' id='word_1_93' title='bbox 1056 1334 1111 1417; x_wconf 94' lang='lat' dir='ltr'><strong>qui</strong></span> <span class='ocrx_word' id='word_1_94' title='bbox 1130 1339 1309 1419; x_wconf 83' lang='lat' dir='ltr'><strong>praeclsris·</strong></span> 
     </span>
     <span class='ocr_line' id='line_1_12' title="bbox 185 1425 1307 1524; baseline 0.012 -30"><span class='ocrx_word' id='word_1_95' title='bbox 185 1430 268 1494; x_wconf 90' lang='lat' dir='ltr'><strong>sima</strong></span> <span class='ocrx_word' id='word_1_96' title='bbox 279 1427 410 1514; x_wconf 89' lang='lat' dir='ltr'><strong>quidem</strong></span> <span class='ocrx_word' id='word_1_97' title='bbox 424 1436 524 1513; x_wconf 80' lang='lat' dir='ltr'><strong>gesta,</strong></span> <span class='ocrx_word' id='word_1_98' title='bbox 540 1425 597 1492; x_wconf 86' lang='lat' dir='ltr'><strong>sed</strong></span> <span class='ocrx_word' id='word_1_99' title='bbox 612 1449 701 1492; x_wconf 89' lang='lat' dir='ltr'><strong>mere</strong></span> <span class='ocrx_word' id='word_1_100' title='bbox 716 1428 870 1513; x_wconf 87' lang='lat' dir='ltr'><strong>humana,</strong></span> <span class='ocrx_word' id='word_1_101' title='bbox 887 1432 993 1515; x_wconf 78' lang='lat' dir='ltr'><strong>gessit.</strong></span> <span class='ocrx_word' id='word_1_102' title='bbox 1010 1433 1109 1500; x_wconf 85' lang='lat' dir='ltr'><strong>Porro</strong></span> <span class='ocrx_word' id='word_1_103' title='bbox 1124 1438 1194 1524; x_wconf 88' lang='lat' dir='ltr'><strong>ejus</strong></span> <span class='ocrx_word' id='word_1_104' title='bbox 1212 1439 1307 1507; x_wconf 87' lang='lat' dir='ltr'><strong>disei-</strong></span> 
     </span>
     <span class='ocr_line' id='line_1_13' title="bbox 185 1530 1308 1633; baseline 0.013 -38"><span class='ocrx_word' id='word_1_105' title='bbox 185 1534 255 1620; x_wconf 90' lang='lat' dir='ltr'><strong>puli</strong></span> <span class='ocrx_word' id='word_1_106' title='bbox 266 1531 400 1616; x_wconf 86' lang='lat' dir='ltr'><strong>receptis</strong></span> <span class='ocrx_word' id='word_1_107' title='bbox 412 1539 489 1594; x_wconf 88' lang='lat' dir='ltr'><strong>tune</strong></span> <span class='ocrx_word' id='word_1_108' title='bbox 502 1531 653 1615; x_wconf 90' lang='lat' dir='ltr'><strong>temporis</strong></span> <span class='ocrx_word' id='word_1_109' title='bbox 668 1530 754 1616; x_wconf 90' lang='lat' dir='ltr'><strong>apud</strong></span> <span class='ocrx_word' id='word_1_110' title='bbox 766 1530 893 1596; x_wconf 74' lang='lat' dir='ltr'><strong>Judaeos</strong></span> <span class='ocrx_word' id='word_1_111' title='bbox 906 1535 1086 1602; x_wconf 89' lang='lat' dir='ltr'><strong>notionibus</strong></span> <span class='ocrx_word' id='word_1_112' title='bbox 1099 1560 1308 1633; x_wconf 72' lang='lat' dir='ltr'><strong>praeoccupa-</strong></span> 
     </span>
     <span class='ocr_line' id='line_1_14' title="bbox 185 1630 1308 1729; baseline 0.011 -29"><span class='ocrx_word' id='word_1_113' title='bbox 185 1637 314 1700; x_wconf 85' lang='lat' dir='ltr'><strong>bantur.</strong></span> <span class='ocrx_word' id='word_1_114' title='bbox 329 1630 421 1696; x_wconf 89' lang='lat' dir='ltr'><strong>Unde</strong></span> <span class='ocrx_word' id='word_1_115' title='bbox 433 1631 532 1696; x_wconf 82' lang='lat' dir='ltr'><strong>fiehat</strong></span> <span class='ocrx_word' id='word_1_116' title='bbox 542 1641 577 1697; x_wconf 92' lang='lat' dir='ltr'><strong>ut</strong></span> <span class='ocrx_word' id='word_1_117' title='bbox 589 1633 683 1698; x_wconf 90' lang='lat' dir='ltr'><strong>simul</strong></span> <span class='ocrx_word' id='word_1_118' title='bbox 695 1654 733 1699; x_wconf 86' lang='lat' dir='ltr'><strong>ac</strong></span> <span class='ocrx_word' id='word_1_119' title='bbox 745 1633 866 1719; x_wconf 91' lang='lat' dir='ltr'><strong>aliquid</strong></span> <span class='ocrx_word' id='word_1_120' title='bbox 879 1636 1030 1703; x_wconf 86' lang='lat' dir='ltr'><strong>eximium</strong></span> <span class='ocrx_word' id='word_1_121' title='bbox 1046 1650 1101 1705; x_wconf 87' lang='lat' dir='ltr'><strong>aut</strong></span> <span class='ocrx_word' id='word_1_122' title='bbox 1115 1646 1308 1729; x_wconf 90' lang='lat' dir='ltr'><strong>stupendum</strong></span> 
     </span>
     <span class='ocr_line' id='line_1_15' title="bbox 184 1724 1308 1832; baseline 0.011 -28"><span class='ocrx_word' id='word_1_123' title='bbox 184 1739 287 1804; x_wconf 91' lang='lat' dir='ltr'><strong>oculis</strong></span> <span class='ocrx_word' id='word_1_124' title='bbox 307 1724 485 1821; x_wconf 82' lang='lat' dir='ltr'><strong>cernerent,</strong></span> <span class='ocrx_word' id='word_1_125' title='bbox 505 1754 634 1816; x_wconf 71' lang='lat' dir='ltr'><strong>usumin</strong></span> <span class='ocrx_word' id='word_1_126' title='bbox 651 1735 720 1822; x_wconf 84' lang='lat' dir='ltr'><strong>ejus</strong></span> <span class='ocrx_word' id='word_1_127' title='bbox 736 1735 877 1802; x_wconf 81' lang='lat' dir='ltr'><strong>divinam</strong></span> <span class='ocrx_word' id='word_1_128' title='bbox 896 1759 972 1804; x_wconf 93' lang='lat' dir='ltr'><strong>mox</strong></span> <span class='ocrx_word' id='word_1_129' title='bbox 990 1739 1208 1812; x_wconf 87' lang='lat' dir='ltr'><strong>decernerent.</strong></span> <span class='ocrx_word' id='word_1_130' title='bbox 1226 1750 1308 1832; x_wconf 83' lang='lat' dir='ltr'><strong>Quia</strong></span> 
     </span>
     <span class='ocr_line' id='line_1_16' title="bbox 184 1837 1308 1929; baseline 0.009 -22"><span class='ocrx_word' id='word_1_131' title='bbox 184 1850 294 1907; x_wconf 90' lang='lat' dir='ltr'><strong>autem</strong></span> <span class='ocrx_word' id='word_1_132' title='bbox 308 1838 517 1923; x_wconf 80' lang='lat' dir='ltr'><strong>Evangelistee</strong></span> <span class='ocrx_word' id='word_1_133' title='bbox 534 1847 565 1901; x_wconf 90' lang='lat' dir='ltr'><strong>et</strong></span> <span class='ocrx_word' id='word_1_134' title='bbox 584 1838 644 1923; x_wconf 89' lang='lat' dir='ltr'><strong>ipsi</strong></span> <span class='ocrx_word' id='word_1_135' title='bbox 664 1860 702 1902; x_wconf 85' lang='lat' dir='ltr'><strong>ex</strong></span> <span class='ocrx_word' id='word_1_136' title='bbox 720 1837 883 1924; x_wconf 88' lang='lat' dir='ltr'><strong>discipulis</strong></span> <span class='ocrx_word' id='word_1_137' title='bbox 903 1840 1016 1906; x_wconf 86' lang='lat' dir='ltr'><strong>Christi</strong></span> <span class='ocrx_word' id='word_1_138' title='bbox 1037 1857 1138 1929; x_wconf 90' lang='lat' dir='ltr'><strong>erant,</strong></span> <span class='ocrx_word' id='word_1_139' title='bbox 1158 1847 1199 1912; x_wconf 87' lang='lat' dir='ltr'><strong>de</strong></span> <span class='ocrx_word' id='word_1_140' title='bbox 1217 1850 1308 1917; x_wconf 85' lang='lat' dir='ltr'><strong>factis</strong></span> 
     </span>
     <span class='ocr_line' id='line_1_17' title="bbox 184 1940 1309 2034; baseline 0.01 -25"><span class='ocrx_word' id='word_1_141' title='bbox 184 1945 295 2010; x_wconf 83' lang='lat' dir='ltr'><strong>abillo</strong></span> <span class='ocrx_word' id='word_1_142' title='bbox 309 1942 439 2028; x_wconf 88' lang='lat' dir='ltr'><strong>patratis</strong></span> <span class='ocrx_word' id='word_1_143' title='bbox 446 1940 634 2027; x_wconf 87' lang='lat' dir='ltr'><strong>judicarunt</strong></span> <span class='ocrx_word' id='word_1_144' title='bbox 643 1941 734 2027; x_wconf 87' lang='lat' dir='ltr'><strong>juxta</strong></span> <span class='ocrx_word' id='word_1_145' title='bbox 748 1953 892 2028; x_wconf 84' lang='lat' dir='ltr'><strong>receptas</strong></span> <span class='ocrx_word' id='word_1_146' title='bbox 903 1944 965 2009; x_wconf 87' lang='lat' dir='ltr'><strong>hac</strong></span> <span class='ocrx_word' id='word_1_147' title='bbox 977 1955 1067 2012; x_wconf 78' lang='lat' dir='ltr'><strong>atate</strong></span> <span class='ocrx_word' id='word_1_148' title='bbox 1077 1950 1165 2034; x_wconf 90' lang='lat' dir='ltr'><strong>apud</strong></span> <span class='ocrx_word' id='word_1_149' title='bbox 1182 1953 1309 2020; x_wconf 83' lang='lat' dir='ltr'><strong>Judaeos</strong></span> 
     </span>
     <span class='ocr_line' id='line_1_18' title="bbox 185 2044 1307 2129; baseline 0.009 -18"><span class='ocrx_word' id='word_1_150' title='bbox 185 2048 330 2111; x_wconf 87' lang='lat' dir='ltr'><strong>notiones</strong></span> <span class='ocrx_word' id='word_1_151' title='bbox 343 2053 374 2108; x_wconf 90' lang='lat' dir='ltr'><strong>et</strong></span> <span class='ocrx_word' id='word_1_152' title='bbox 386 2044 603 2108; x_wconf 88' lang='lat' dir='ltr'><strong>narrationem</strong></span> <span class='ocrx_word' id='word_1_153' title='bbox 612 2045 832 2129; x_wconf 77' lang='lat' dir='ltr'><strong>evangelicam</strong></span> <span class='ocrx_word' id='word_1_154' title='bbox 848 2045 1056 2112; x_wconf 81' lang='lat' dir='ltr'><strong>conformiter</strong></span> <span class='ocrx_word' id='word_1_155' title='bbox 1070 2050 1112 2114; x_wconf 90' lang='lat' dir='ltr'><strong>ad</strong></span> <span class='ocrx_word' id='word_1_156' title='bbox 1128 2053 1188 2117; x_wconf 92' lang='lat' dir='ltr'><strong>has</strong></span> <span class='ocrx_word' id='word_1_157' title='bbox 1204 2059 1307 2121; x_wconf 92' lang='lat' dir='ltr'><strong>notio-</strong></span> 
     </span>
     <span class='ocr_line' id='line_1_19' title="bbox 186 2142 1307 2238; baseline 0.009 -24"><span class='ocrx_word' id='word_1_158' title='bbox 186 2171 245 2214; x_wconf 91' lang='lat' dir='ltr'><strong>nes</strong></span> <span class='ocrx_word' id='word_1_159' title='bbox 262 2142 466 2212; x_wconf 83' lang='lat' dir='ltr'><strong>exornarunt.</strong></span> <span class='ocrx_word' id='word_1_160' title='bbox 482 2143 574 2209; x_wconf 85' lang='lat' dir='ltr'><strong>Unde</strong></span> <span class='ocrx_word' id='word_1_161' title='bbox 588 2145 709 2209; x_wconf 81' lang='lat' dir='ltr'><strong>laetum</strong></span> <span class='ocrx_word' id='word_1_162' title='bbox 728 2154 823 2219; x_wconf 88' lang='lat' dir='ltr'><strong>estut</strong></span> <span class='ocrx_word' id='word_1_163' title='bbox 839 2147 932 2231; x_wconf 90' lang='lat' dir='ltr'><strong>plura</strong></span> <span class='ocrx_word' id='word_1_164' title='bbox 948 2149 981 2212; x_wconf 93' lang='lat' dir='ltr'><strong>in</strong></span> <span class='ocrx_word' id='word_1_165' title='bbox 999 2149 1177 2238; x_wconf 77' lang='lat' dir='ltr'><strong>Evangeliis</strong></span> <span class='ocrx_word' id='word_1_166' title='bbox 1193 2179 1307 2224; x_wconf 87' lang='lat' dir='ltr'><strong>occur-</strong></span> 
     </span>
     <span class='ocr_line' id='line_1_20' title="bbox 185 2246 1309 2345; baseline 0.011 -29"><span class='ocrx_word' id='word_1_167' title='bbox 185 2260 262 2317; x_wconf 89' lang='lat' dir='ltr'><strong>rant</strong></span> <span class='ocrx_word' id='word_1_168' title='bbox 274 2251 377 2314; x_wconf 84' lang='lat' dir='ltr'><strong>taliter</strong></span> <span class='ocrx_word' id='word_1_169' title='bbox 388 2257 535 2313; x_wconf 87' lang='lat' dir='ltr'><strong>enarrata</strong></span> <span class='ocrx_word' id='word_1_170' title='bbox 551 2258 586 2312; x_wconf 92' lang='lat' dir='ltr'><strong>ut</strong></span> <span class='ocrx_word' id='word_1_171' title='bbox 598 2246 705 2312; x_wconf 86' lang='lat' dir='ltr'><strong>divino</strong></span> <span class='ocrx_word' id='word_1_172' title='bbox 726 2249 909 2314; x_wconf 87' lang='lat' dir='ltr'><strong>charactere</strong></span> <span class='ocrx_word' id='word_1_173' title='bbox 924 2250 1144 2341; x_wconf 76' lang='lat' dir='ltr'><strong>insignientur,</strong></span> <span class='ocrx_word' id='word_1_174' title='bbox 1162 2265 1309 2345; x_wconf 83' lang='lat' dir='ltr'><strong>quamvis</strong></span> 
     </span>
     <span class='ocr_line' id='line_1_21' title="bbox 185 2348 1309 2448; baseline 0.01 -28"><span class='ocrx_word' id='word_1_175' title='bbox 185 2355 316 2420; x_wconf 88' lang='lat' dir='ltr'><strong>realiter</strong></span> <span class='ocrx_word' id='word_1_176' title='bbox 336 2348 381 2417; x_wconf 67' lang='lat' dir='ltr'><strong>eo⁴</strong></span> <span class='ocrx_word' id='word_1_177' title='bbox 394 2350 542 2415; x_wconf 87' lang='lat' dir='ltr'><strong>destituta</strong></span> <span class='ocrx_word' id='word_1_178' title='bbox 556 2349 694 2437; x_wconf 86' lang='lat' dir='ltr'><strong>judicari</strong></span> <span class='ocrx_word' id='word_1_179' title='bbox 714 2350 854 2415; x_wconf 84' lang='lat' dir='ltr'><strong>debeant</strong></span> <span class='ocrx_word' id='word_1_180' title='bbox 871 2375 891 2417; x_wconf 89' lang='lat' dir='ltr'><strong>a</strong></span> <span class='ocrx_word' id='word_1_181' title='bbox 908 2350 1069 2442; x_wconf 77' lang='lat' dir='ltr'><strong>theologo,</strong></span> <span class='ocrx_word' id='word_1_182' title='bbox 1091 2361 1146 2444; x_wconf 91' lang='lat' dir='ltr'><strong>qui</strong></span> <span class='ocrx_word' id='word_1_183' title='bbox 1162 2366 1309 2448; x_wconf 89' lang='lat' dir='ltr'><strong>apprime</strong></span> 
     </span>
     <span class='ocr_line' id='line_1_22' title="bbox 187 2454 1309 2559; baseline 0.011 -36"><span class='ocrx_word' id='word_1_184' title='bbox 187 2457 369 2523; x_wconf 87' lang='lat' dir='ltr'><strong>discernere</strong></span> <span class='ocrx_word' id='word_1_185' title='bbox 385 2454 492 2539; x_wconf 90' lang='lat' dir='ltr'><strong>dehet,</strong></span> <span class='ocrx_word' id='word_1_186' title='bbox 509 2455 608 2519; x_wconf 84' lang='lat' dir='ltr'><strong>Paulo</strong></span> <span class='ocrx_word' id='word_1_187' title='bbox 623 2454 770 2538; x_wconf 86' lang='lat' dir='ltr'><strong>docente,</strong></span> <span class='ocrx_word' id='word_1_188' title='bbox 784 2456 899 2540; x_wconf 79' lang='lat' dir='ltr'><strong>foetum</strong></span> <span class='ocrx_word' id='word_1_189' title='bbox 914 2479 933 2522; x_wconf 91' lang='lat' dir='ltr'><strong>a</strong></span> <span class='ocrx_word' id='word_1_190' title='bbox 939 2460 1055 2547; x_wconf 79' lang='lat' dir='ltr'><strong>judicio</strong></span> <span class='ocrx_word' id='word_1_191' title='bbox 1067 2461 1155 2559; x_wconf 86' lang='lat' dir='ltr'><strong>qnod</strong></span> <span class='ocrx_word' id='word_1_192' title='bbox 1167 2464 1208 2531; x_wconf 91' lang='lat' dir='ltr'><strong>de</strong></span> <span class='ocrx_word' id='word_1_193' title='bbox 1223 2469 1309 2536; x_wconf 83' lang='lat' dir='ltr'><strong>laeto</strong></span> 
     </span>
     <span class='ocr_line' id='line_1_23' title="bbox 187 2556 1309 2642; baseline 0.012 -18"><span class='ocrx_word' id='word_1_194' title='bbox 187 2561 260 2624; x_wconf 90' lang='lat' dir='ltr'><strong>tulit</strong></span> <span class='ocrx_word' id='word_1_195' title='bbox 279 2557 492 2642; x_wconf 71' lang='lat' dir='ltr'><strong>Euangelista.</strong></span> <span class='ocrx_word' id='word_1_196' title='bbox 514 2556 614 2621; x_wconf 89' lang='lat' dir='ltr'><strong>Porro</strong></span> <span class='ocrx_word' id='word_1_197' title='bbox 631 2577 705 2641; x_wconf 86' lang='lat' dir='ltr'><strong>pars</strong></span> <span class='ocrx_word' id='word_1_198' title='bbox 728 2557 796 2640; x_wconf 87' lang='lat' dir='ltr'><strong>illa,</strong></span> <span class='ocrx_word' id='word_1_199' title='bbox 820 2579 891 2642; x_wconf 73' lang='lat' dir='ltr'><strong>quac</strong></span> <span class='ocrx_word' id='word_1_200' title='bbox 912 2560 947 2623; x_wconf 92' lang='lat' dir='ltr'><strong>in</strong></span> <span class='ocrx_word' id='word_1_201' title='bbox 969 2564 1150 2631; x_wconf 87' lang='lat' dir='ltr'><strong>narratione</strong></span> <span class='ocrx_word' id='word_1_202' title='bbox 1172 2568 1214 2633; x_wconf 88' lang='lat' dir='ltr'><strong>ad</strong></span> <span class='ocrx_word' id='word_1_203' title='bbox 1238 2594 1309 2637; x_wconf 90' lang='lat' dir='ltr'><strong>rem</strong></span> 
     </span>
     <span class='ocr_line' id='line_1_24' title="bbox 187 2656 1309 2761; baseline 0.013 -35"><span class='ocrx_word' id='word_1_204' title='bbox 187 2682 278 2727; x_wconf 90' lang='lat' dir='ltr'><strong>merc</strong></span> <span class='ocrx_word' id='word_1_205' title='bbox 302 2659 480 2724; x_wconf 90' lang='lat' dir='ltr'><strong>naturalem</strong></span> <span class='ocrx_word' id='word_1_206' title='bbox 503 2656 614 2724; x_wconf 89' lang='lat' dir='ltr'><strong>reduci</strong></span> <span class='ocrx_word' id='word_1_207' title='bbox 637 2668 750 2744; x_wconf 88' lang='lat' dir='ltr'><strong>potest,</strong></span> <span class='ocrx_word' id='word_1_208' title='bbox 774 2658 817 2723; x_wconf 90' lang='lat' dir='ltr'><strong>ad</strong></span> <span class='ocrx_word' id='word_1_209' title='bbox 839 2662 953 2746; x_wconf 81' lang='lat' dir='ltr'><strong>saetam</strong></span> <span class='ocrx_word' id='word_1_210' title='bbox 964 2686 979 2744; x_wconf 90' lang='lat'><strong>,·</strong></span> <span class='ocrx_word' id='word_1_211' title='bbox 1001 2687 1076 2750; x_wconf 89' lang='lat' dir='ltr'><strong>pars</strong></span> <span class='ocrx_word' id='word_1_212' title='bbox 1097 2680 1217 2756; x_wconf 90' lang='lat' dir='ltr'><strong>autem,</strong></span> <span class='ocrx_word' id='word_1_213' title='bbox 1238 2697 1309 2761; x_wconf 83' lang='lat' dir='ltr'><strong>quae</strong></span> 
     </span>
     <span class='ocr_line' id='line_1_25' title="bbox 188 2760 1309 2855; baseline 0.012 -26"><span class='ocrx_word' id='word_1_214' title='bbox 188 2764 331 2830; x_wconf 85' lang='lat' dir='ltr'><strong>indolem</strong></span> <span class='ocrx_word' id='word_1_215' title='bbox 347 2762 621 2848; x_wconf 89' lang='lat' dir='ltr'><strong>supernaturalem</strong></span> <span class='ocrx_word' id='word_1_216' title='bbox 636 2760 755 2846; x_wconf 91' lang='lat' dir='ltr'><strong>prodit,</strong></span> <span class='ocrx_word' id='word_1_217' title='bbox 774 2761 977 2847; x_wconf 79' lang='lat' dir='ltr'><strong>adjudicium</strong></span> <span class='ocrx_word' id='word_1_218' title='bbox 996 2770 1167 2855; x_wconf 79' lang='lat' dir='ltr'><strong>relegatur.</strong></span> <span class='ocrx_word' id='word_1_219' title='bbox 1185 2779 1309 2842; x_wconf 83' lang='lat' dir='ltr'><strong>Factum</strong></span> 
     </span>
     <span class='ocr_line' id='line_1_26' title="bbox 187 2862 1309 2963; baseline 0.012 -31"><span class='ocrx_word' id='word_1_220' title='bbox 187 2868 294 2933; x_wconf 91' lang='lat' dir='ltr'><strong>solum</strong></span> <span class='ocrx_word' id='word_1_221' title='bbox 306 2864 493 2947; x_wconf 81' lang='lat' dir='ltr'><strong>admittitur3</strong></span> <span class='ocrx_word' id='word_1_222' title='bbox 500 2864 651 2948; x_wconf 68' lang='lat' dir='ltr'><strong>jactis-ium</strong></span> <span class='ocrx_word' id='word_1_223' title='bbox 666 2862 708 2927; x_wconf 89' lang='lat' dir='ltr'><strong>ad</strong></span> <span class='ocrx_word' id='word_1_224' title='bbox 725 2864 821 2929; x_wconf 83' lang='lat' dir='ltr'><strong>salsas</strong></span> <span class='ocrx_word' id='word_1_225' title='bbox 832 2865 1015 2933; x_wconf 83' lang='lat' dir='ltr'><strong>Judaeorum</strong></span> <span class='ocrx_word' id='word_1_226' title='bbox 1029 2873 1192 2956; x_wconf 87' lang='lat' dir='ltr'><strong>opiniones</strong></span> <span class='ocrx_word' id='word_1_227' title='bbox 1207 2883 1309 2963; x_wconf 89' lang='lat' dir='ltr'><strong>perti-</strong></span> 
     </span>
     <span class='ocr_line' id='line_1_27' title="bbox 183 2967 1310 3061; baseline 0.012 -27"><span class='ocrx_word' id='word_1_228' title='bbox 183 2979 252 3034; x_wconf 89' lang='lat' dir='ltr'><strong>net.</strong></span> <span class='ocrx_word' id='word_1_229' title='bbox 267 2970 349 3032; x_wconf 85' lang='lat' dir='ltr'><strong>llinc</strong></span> <span class='ocrx_word' id='word_1_230' title='bbox 362 2968 469 3032; x_wconf 87' lang='lat' dir='ltr'><strong>omnia</strong></span> <span class='ocrx_word' id='word_1_231' title='bbox 485 2967 598 3031; x_wconf 91' lang='lat' dir='ltr'><strong>Christi</strong></span> <span class='ocrx_word' id='word_1_232' title='bbox 612 2967 780 3048; x_wconf 87' lang='lat' dir='ltr'><strong>miracula,</strong></span> <span class='ocrx_word' id='word_1_233' title='bbox 795 2988 953 3052; x_wconf 78' lang='lat' dir='ltr'><strong>agrorum</strong></span> <span class='ocrx_word' id='word_1_234' title='bbox 965 2975 1155 3061; x_wconf 87' lang='lat' dir='ltr'><strong>sanationes,</strong></span> <span class='ocrx_word' id='word_1_235' title='bbox 1169 2991 1310 3048; x_wconf 78' lang='lat' dir='ltr'><strong>mortuo</strong></span> 
     </span>
     <span class='ocr_line' id='line_1_28' title="bbox 183 3067 1307 3154; baseline 0.012 -17"><span class='ocrx_word' id='word_1_236' title='bbox 183 3093 259 3138; x_wconf 90' lang='lat' dir='ltr'><strong>rum</strong></span> <span class='ocrx_word' id='word_1_237' title='bbox 275 3071 503 3151; x_wconf 90' lang='lat' dir='ltr'><strong>suscitationes,</strong></span> <span class='ocrx_word' id='word_1_238' title='bbox 518 3077 548 3132; x_wconf 90' lang='lat' dir='ltr'><strong>et</strong></span> <span class='ocrx_word' id='word_1_239' title='bbox 559 3069 622 3133; x_wconf 90' lang='lat' dir='ltr'><strong>alia</strong></span> <span class='ocrx_word' id='word_1_240' title='bbox 635 3067 729 3154; x_wconf 89' lang='lat' dir='ltr'><strong>hujus</strong></span> <span class='ocrx_word' id='word_1_241' title='bbox 740 3071 876 3154; x_wconf 83' lang='lat' dir='ltr'><strong>generis,</strong></span> <span class='ocrx_word' id='word_1_242' title='bbox 885 3092 950 3136; x_wconf 93' lang='lat' dir='ltr'><strong>non</strong></span> <span class='ocrx_word' id='word_1_243' title='bbox 962 3085 1034 3138; x_wconf 87' lang='lat' dir='ltr'><strong>sunt</strong></span> <span class='ocrx_word' id='word_1_244' title='bbox 1045 3077 1103 3140; x_wconf 88' lang='lat' dir='ltr'><strong>nisi</strong></span> <span class='ocrx_word' id='word_1_245' title='bbox 1116 3078 1201 3146; x_wconf 80' lang='lat' dir='ltr'><strong>facta</strong></span> <span class='ocrx_word' id='word_1_246' title='bbox 1213 3094 1307 3150; x_wconf 87' lang='lat' dir='ltr'><strong>natu·</strong></span> 
     </span>
     <span class='ocr_line' id='line_1_29' title="bbox 182 3169 1308 3261; baseline 0.01 -20"><span class='ocrx_word' id='word_1_247' title='bbox 182 3177 276 3257; x_wconf 90' lang='lat' dir='ltr'><strong>ralia,</strong></span> <span class='ocrx_word' id='word_1_248' title='bbox 292 3194 362 3260; x_wconf 84' lang='lat' dir='ltr'><strong>quae</strong></span> <span class='ocrx_word' id='word_1_249' title='bbox 378 3173 517 3238; x_wconf 85' lang='lat' dir='ltr'><strong>Christus</strong></span> <span class='ocrx_word' id='word_1_250' title='bbox 529 3193 586 3236; x_wconf 87' lang='lat' dir='ltr'><strong>sua</strong></span> <span class='ocrx_word' id='word_1_251' title='bbox 613 3169 780 3236; x_wconf 77' lang='lat' dir='ltr'><strong>medicine</strong></span> <span class='ocrx_word' id='word_1_252' title='bbox 794 3171 923 3238; x_wconf 87' lang='lat' dir='ltr'><strong>scientia</strong></span> <span class='ocrx_word' id='word_1_253' title='bbox 937 3187 1085 3261; x_wconf 88' lang='lat' dir='ltr'><strong>operatus</strong></span> <span class='ocrx_word' id='word_1_254' title='bbox 1098 3191 1155 3246; x_wconf 85' lang='lat' dir='ltr'><strong>est.</strong></span> <span class='ocrx_word' id='word_1_255' title='bbox 1173 3185 1239 3249; x_wconf 89' lang='lat' dir='ltr'><strong>Deo</strong></span> <span class='ocrx_word' id='word_1_256' title='bbox 1252 3187 1308 3253; x_wconf 88' lang='lat' dir='ltr'><strong>illa</strong></span> 
     </span>
     <span class='ocr_line' id='line_1_30' title="bbox 181 3271 1341 3373; baseline 0.012 -32"><span class='ocrx_word' id='word_1_257' title='bbox 181 3277 364 3341; x_wconf 88' lang='lat' dir='ltr'><strong>tribuerunt</strong></span> <span class='ocrx_word' id='word_1_258' title='bbox 379 3274 478 3356; x_wconf 87' lang='lat' dir='ltr'><strong>salsae,</strong></span> <span class='ocrx_word' id='word_1_259' title='bbox 494 3272 610 3359; x_wconf 87' lang='lat' dir='ltr'><strong>quibus</strong></span> <span class='ocrx_word' id='word_1_260' title='bbox 625 3271 726 3337; x_wconf 80' lang='lat' dir='ltr'><strong>Judaei</strong></span> <span class='ocrx_word' id='word_1_261' title='bbox 742 3271 965 3340; x_wconf 89' lang='lat' dir='ltr'><strong>detinebantur</strong></span> <span class='ocrx_word' id='word_1_262' title='bbox 981 3279 1156 3363; x_wconf 88' lang='lat' dir='ltr'><strong>opiniones.</strong></span> <span class='ocrx_word' id='word_1_263' title='bbox 1171 3286 1202 3350; x_wconf 89' lang='lat' dir='ltr'><strong>Si</strong></span> <span class='ocrx_word' id='word_1_264' title='bbox 1220 3289 1307 3373; x_wconf 90' lang='lat' dir='ltr'><strong>quod</strong></span> <span class='ocrx_word' id='word_1_265' title='bbox 1339 3301 1341 3305; x_wconf 78' lang='grc'>’</span> 
     </span>
     <span class='ocr_line' id='line_1_31' title="bbox 181 3377 1311 3470; baseline 0.012 -25"><span class='ocrx_word' id='word_1_266' title='bbox 181 3390 291 3445; x_wconf 89' lang='lat' dir='ltr'><strong>autem</strong></span> <span class='ocrx_word' id='word_1_267' title='bbox 305 3378 495 3442; x_wconf 89' lang='lat' dir='ltr'><strong>miraculum</strong></span> <span class='ocrx_word' id='word_1_268' title='bbox 510 3397 549 3440; x_wconf 85' lang='lat' dir='ltr'><strong>ex</strong></span> <span class='ocrx_word' id='word_1_269' title='bbox 565 3377 695 3441; x_wconf 89' lang='lat' dir='ltr'><strong>seientia</strong></span> <span class='ocrx_word' id='word_1_270' title='bbox 708 3377 874 3442; x_wconf 71' lang='lat' dir='ltr'><strong>medicinae</strong></span> <span class='ocrx_word' id='word_1_271' title='bbox 886 3379 985 3444; x_wconf 92' lang='lat' dir='ltr'><strong>Paulo</strong></span> <span class='ocrx_word' id='word_1_272' title='bbox 1001 3385 1226 3470; x_wconf 82' lang='lat' dir='ltr'><strong>explicandum</strong></span> <span class='ocrx_word' id='word_1_273' title='bbox 1242 3415 1311 3458; x_wconf 91' lang='lat' dir='ltr'><strong>non·</strong></span> 
     </span>
     <span class='ocr_line' id='line_1_32' title="bbox 180 3476 1307 3567; baseline 0.012 -19"><span class='ocrx_word' id='word_1_274' title='bbox 180 3481 340 3562; x_wconf 75' lang='lat' dir='ltr'><strong>rideatur,</strong></span> <span class='ocrx_word' id='word_1_275' title='bbox 359 3490 436 3544; x_wconf 91' lang='lat' dir='ltr'><strong>tunc</strong></span> <span class='ocrx_word' id='word_1_276' title='bbox 452 3476 530 3542; x_wconf 93' lang='lat' dir='ltr'><strong>illud</strong></span> <span class='ocrx_word' id='word_1_277' title='bbox 547 3478 656 3542; x_wconf 89' lang='lat' dir='ltr'><strong>tribuit</strong></span> <span class='ocrx_word' id='word_1_278' title='bbox 671 3480 818 3544; x_wconf 85' lang='lat' dir='ltr'><strong>secundae</strong></span> <span class='ocrx_word' id='word_1_279' title='bbox 834 3481 981 3567; x_wconf 82' lang='lat' dir='ltr'><strong>fortunae,</strong></span> <span class='ocrx_word' id='word_1_280' title='bbox 999 3487 1050 3550; x_wconf 89' lang='lat' dir='ltr'><strong>vel</strong></span> <span class='ocrx_word' id='word_1_281' title='bbox 1067 3489 1137 3553; x_wconf 89' lang='lat' dir='ltr'><strong>aliis</strong></span> <span class='ocrx_word' id='word_1_282' title='bbox 1152 3498 1307 3561; x_wconf 88' lang='lat' dir='ltr'><strong>naturali-</strong></span> 
     </span>
     <span class='ocr_line' id='line_1_33' title="bbox 181 3581 1307 3675; baseline 0.014 -26"><span class='ocrx_word' id='word_1_283' title='bbox 181 3586 244 3650; x_wconf 91' lang='lat' dir='ltr'><strong>bus</strong></span> <span class='ocrx_word' id='word_1_284' title='bbox 257 3584 370 3648; x_wconf 88' lang='lat' dir='ltr'><strong>causis.</strong></span> <span class='ocrx_word' id='word_1_285' title='bbox 385 3581 436 3646; x_wconf 82' lang='lat' dir='ltr'><strong>Ad</strong></span> <span class='ocrx_word' id='word_1_286' title='bbox 449 3583 536 3646; x_wconf 88' lang='lat' dir='ltr'><strong>hune</strong></span> <span class='ocrx_word' id='word_1_287' title='bbox 548 3581 657 3662; x_wconf 88' lang='lat' dir='ltr'><strong>finem,</strong></span> <span class='ocrx_word' id='word_1_288' title='bbox 672 3602 756 3645; x_wconf 90' lang='lat' dir='ltr'><strong>nunc</strong></span> <span class='ocrx_word' id='word_1_289' title='bbox 769 3583 834 3647; x_wconf 80' lang='lat' dir='ltr'><strong>vim</strong></span> <span class='ocrx_word' id='word_1_290' title='bbox 847 3585 979 3649; x_wconf 86' lang='lat' dir='ltr'><strong>vocibus</strong></span> <span class='ocrx_word' id='word_1_291' title='bbox 992 3588 1098 3675; x_wconf 83' lang='lat' dir='ltr'><strong>infert,</strong></span> <span class='ocrx_word' id='word_1_292' title='bbox 1112 3614 1198 3661; x_wconf 88' lang='lat' dir='ltr'><strong>nunc</strong></span> <span class='ocrx_word' id='word_1_293' title='bbox 1209 3620 1307 3665; x_wconf 81' lang='lat' dir='ltr'><strong>voea-</strong></span> 
     </span>
     <span class='ocr_line' id='line_1_34' title="bbox 182 3684 1308 3769; baseline 0.011 -16"><span class='ocrx_word' id='word_1_294' title='bbox 182 3689 268 3754; x_wconf 89' lang='lat' dir='ltr'><strong>hulis</strong></span> <span class='ocrx_word' id='word_1_295' title='bbox 282 3685 440 3751; x_wconf 90' lang='lat' dir='ltr'><strong>inauditas</strong></span> <span class='ocrx_word' id='word_1_296' title='bbox 456 3684 699 3769; x_wconf 79' lang='lat' dir='ltr'><strong>significationes</strong></span> <span class='ocrx_word' id='word_1_297' title='bbox 716 3685 847 3769; x_wconf 72' lang='lat' dir='ltr'><strong>praebet,</strong></span> <span class='ocrx_word' id='word_1_298' title='bbox 862 3708 948 3751; x_wconf 92' lang='lat' dir='ltr'><strong>nunc</strong></span> <span class='ocrx_word' id='word_1_299' title='bbox 963 3690 1214 3762; x_wconf 87' lang='lat' dir='ltr'><strong>circumstantias</strong></span> <span class='ocrx_word' id='word_1_300' title='bbox 1229 3722 1308 3764; x_wconf 84' lang='lat' dir='ltr'><strong>nar-</strong></span> 
     </span>
     <span class='ocr_line' id='line_1_35' title="bbox 169 3785 1306 3873; baseline 0.012 -19"><span class='ocrx_word' id='word_1_301' title='bbox 169 3789 316 3855; x_wconf 80' lang='lat' dir='ltr'><strong>rationis</strong></span> <span class='ocrx_word' id='word_1_302' title='bbox 329 3788 454 3871; x_wconf 86' lang='lat' dir='ltr'><strong>omittit,</strong></span> <span class='ocrx_word' id='word_1_303' title='bbox 470 3809 556 3851; x_wconf 90' lang='lat' dir='ltr'><strong>nunc</strong></span> <span class='ocrx_word' id='word_1_304' title='bbox 569 3785 708 3873; x_wconf 90' lang='lat' dir='ltr'><strong>denique</strong></span> <span class='ocrx_word' id='word_1_305' title='bbox 720 3787 823 3872; x_wconf 87' lang='lat' dir='ltr'><strong>ipsam</strong></span> <span class='ocrx_word' id='word_1_306' title='bbox 837 3792 1051 3856; x_wconf 88' lang='lat' dir='ltr'><strong>narrationem</strong></span> <span class='ocrx_word' id='word_1_307' title='bbox 1066 3796 1222 3864; x_wconf 87' lang='lat' dir='ltr'><strong>immutat.</strong></span> <span class='ocrx_word' id='word_1_308' title='bbox 1236 3803 1306 3870; x_wconf 92' lang='lat' dir='ltr'><strong>Uno</strong></span> 
     </span>
     <span class='ocr_line' id='line_1_36' title="bbox 180 3888 1303 3990; baseline 0.01 -31"><span class='ocrx_word' id='word_1_309' title='bbox 180 3894 283 3959; x_wconf 88' lang='lat' dir='ltr'><strong>verbo</strong></span> <span class='ocrx_word' id='word_1_310' title='bbox 295 3892 468 3976; x_wconf 81' lang='lat' dir='ltr'><strong>Evangelia</strong></span> <span class='ocrx_word' id='word_1_311' title='bbox 481 3892 605 3954; x_wconf 91' lang='lat' dir='ltr'><strong>mutilat</strong></span> <span class='ocrx_word' id='word_1_312' title='bbox 621 3898 652 3954; x_wconf 88' lang='lat' dir='ltr'><strong>et</strong></span> <span class='ocrx_word' id='word_1_313' title='bbox 668 3888 836 3979; x_wconf 81' lang='lat' dir='ltr'><strong>arbitraria</strong></span> <span class='ocrx_word' id='word_1_314' title='bbox 848 3891 1107 3978; x_wconf 88' lang='lat' dir='ltr'><strong>interpretatione</strong></span> <span class='ocrx_word' id='word_1_315' title='bbox 1116 3908 1303 3990; x_wconf 90' lang='lat' dir='ltr'><strong>corrumpit.</strong></span> 
     </span>
    </p>

    <p class='ocr_par' dir='ltr' id='par_1_3' title="bbox 181 3993 1309 4399">
     <span class='ocr_line' id='line_1_37' title="bbox 227 3993 1306 4081; baseline 0.012 -21"><span class='ocrx_word' id='word_1_316' title='bbox 227 3998 280 4060; x_wconf 78' lang='lat'><strong>14.</strong></span> <span class='ocrx_word' id='word_1_317' title='bbox 309 3994 428 4059; x_wconf 89' lang='lat' dir='ltr'><strong>Paulus</strong></span> <span class='ocrx_word' id='word_1_318' title='bbox 458 3993 501 4058; x_wconf 91' lang='lat' dir='ltr'><strong>ad</strong></span> <span class='ocrx_word' id='word_1_319' title='bbox 530 4015 620 4057; x_wconf 89' lang='lat' dir='ltr'><strong>suam</strong></span> <span class='ocrx_word' id='word_1_320' title='bbox 644 3995 830 4057; x_wconf 89' lang='lat' dir='ltr'><strong>sententiam</strong></span> <span class='ocrx_word' id='word_1_321' title='bbox 854 3996 947 4059; x_wconf 86' lang='lat' dir='ltr'><strong>traxit</strong></span> <span class='ocrx_word' id='word_1_322' title='bbox 969 3997 1087 4081; x_wconf 91' lang='lat' dir='ltr'><strong>plures.</strong></span> <span class='ocrx_word' id='word_1_323' title='bbox 1112 4001 1175 4066; x_wconf 86' lang='lat' dir='ltr'><strong>Alii</strong></span> <span class='ocrx_word' id='word_1_324' title='bbox 1198 4015 1306 4074; x_wconf 88' lang='lat' dir='ltr'><strong>tamen</strong></span> 
     </span>
     <span class='ocr_line' id='line_1_38' title="bbox 181 4096 1306 4176; baseline 0.011 -12"><span class='ocrx_word' id='word_1_325' title='bbox 181 4098 399 4165; x_wconf 86' lang='lat' dir='ltr'><strong>Rationalistae</strong></span> <span class='ocrx_word' id='word_1_326' title='bbox 411 4106 496 4161; x_wconf 91' lang='lat' dir='ltr'><strong>recte</strong></span> <span class='ocrx_word' id='word_1_327' title='bbox 512 4096 721 4160; x_wconf 80' lang='lat' dir='ltr'><strong>observarunt</strong></span> <span class='ocrx_word' id='word_1_328' title='bbox 732 4097 795 4160; x_wconf 90' lang='lat' dir='ltr'><strong>hac</strong></span> <span class='ocrx_word' id='word_1_329' title='bbox 808 4097 930 4161; x_wconf 87' lang='lat' dir='ltr'><strong>ratione</strong></span> <span class='ocrx_word' id='word_1_330' title='bbox 942 4119 1071 4164; x_wconf 90' lang='lat' dir='ltr'><strong>omnem</strong></span> <span class='ocrx_word' id='word_1_331' title='bbox 1083 4122 1193 4169; x_wconf 82' lang='lat' dir='ltr'><strong>reram</strong></span> <span class='ocrx_word' id='word_1_332' title='bbox 1206 4109 1306 4176; x_wconf 87' lang='lat' dir='ltr'><strong>histo·</strong></span> 
     </span>
     <span class='ocr_line' id='line_1_39' title="bbox 181 4200 1309 4286; baseline 0.011 -19"><span class='ocrx_word' id='word_1_333' title='bbox 181 4205 267 4267; x_wconf 89' lang='lat' dir='ltr'><strong>riam</strong></span> <span class='ocrx_word' id='word_1_334' title='bbox 282 4201 414 4284; x_wconf 88' lang='lat' dir='ltr'><strong>destrui,</strong></span> <span class='ocrx_word' id='word_1_335' title='bbox 434 4201 458 4264; x_wconf 93' lang='lat' dir='ltr'><strong>si</strong></span> <span class='ocrx_word' id='word_1_336' title='bbox 474 4201 648 4286; x_wconf 89' lang='lat' dir='ltr'><strong>unicuique</strong></span> <span class='ocrx_word' id='word_1_337' title='bbox 661 4220 720 4283; x_wconf 92' lang='lat' dir='ltr'><strong>pro</strong></span> <span class='ocrx_word' id='word_1_338' title='bbox 738 4200 828 4264; x_wconf 91' lang='lat' dir='ltr'><strong>libitu</strong></span> <span class='ocrx_word' id='word_1_339' title='bbox 849 4202 943 4265; x_wconf 88' lang='lat' dir='ltr'><strong>liceat</strong></span> <span class='ocrx_word' id='word_1_340' title='bbox 961 4206 1149 4272; x_wconf 88' lang='lat' dir='ltr'><strong>narrationis</strong></span> <span class='ocrx_word' id='word_1_341' title='bbox 1166 4211 1309 4281; x_wconf 88' lang='lat' dir='ltr'><strong>circum·</strong></span> 
     </span>
     <span class='ocr_line' id='line_1_40' title="bbox 183 4302 1308 4399; baseline 0.014 -29"><span class='ocrx_word' id='word_1_342' title='bbox 183 4305 316 4370; x_wconf 88' lang='lat' dir='ltr'><strong>stantias</strong></span> <span class='ocrx_word' id='word_1_343' title='bbox 333 4306 384 4369; x_wconf 80' lang='lat' dir='ltr'><strong>tel</strong></span> <span class='ocrx_word' id='word_1_344' title='bbox 408 4302 537 4369; x_wconf 90' lang='lat' dir='ltr'><strong>demere</strong></span> <span class='ocrx_word' id='word_1_345' title='bbox 565 4302 613 4370; x_wconf 86' lang='lat' dir='ltr'><strong>vel</strong></span> <span class='ocrx_word' id='word_1_346' title='bbox 637 4322 754 4387; x_wconf 84' lang='lat' dir='ltr'><strong>augere</strong></span> <span class='ocrx_word' id='word_1_347' title='bbox 772 4313 807 4366; x_wconf 91' lang='lat' dir='ltr'><strong>ut</strong></span> <span class='ocrx_word' id='word_1_348' title='bbox 822 4304 897 4369; x_wconf 88' lang='lat' dir='ltr'><strong>sacti</strong></span> <span class='ocrx_word' id='word_1_349' title='bbox 914 4313 1026 4372; x_wconf 89' lang='lat' dir='ltr'><strong>natura</strong></span> <span class='ocrx_word' id='word_1_350' title='bbox 1048 4318 1199 4399; x_wconf 89' lang='lat' dir='ltr'><strong>mutetur,</strong></span> <span class='ocrx_word' id='word_1_351' title='bbox 1214 4317 1240 4381; x_wconf 91' lang='lat' dir='ltr'><strong>si</strong></span> <span class='ocrx_word' id='word_1_352' title='bbox 1259 4319 1308 4386; x_wconf 85' lang='lat' dir='ltr'><strong>fas</strong></span> 
     </span>
    </p>
   </div>
   <div class='ocr_carea' id='block_1_3' title="bbox 0 0 1593 4958">
    <p class='ocr_par' dir='ltr' id='par_1_4' title="bbox 0 0 1593 4958">
     <span class='ocr_line' id='line_1_41' title="bbox 0 0 1593 4958; baseline 0 0"><span class='ocrx_word' id='word_1_353' title='bbox 0 0 1593 4958; x_wconf 95' lang='lat' dir='ltr'><strong> </strong></span> 
     </span>
    </p>
   </div>
  </div>
 </body>
</html>
