3166 4958
398 330 474 372 usas
490 330 525 372 11.
543 328 637 371 canna
652 329 687 370 11.
710 327 747 370 ns
758 326 927 371 uvauoumo
940 328 965 371 s.
980 328 1134 372 narrem.
1268 312 1326 376 tat

201 430 341 513 afferre,
366 425 438 516 quae
460 428 575 493 desunt
604 425 691 513 apud
714 436 858 491 nostrum
884 427 1079 491 Matthaeum.
1104 428 1258 495 Eusebius
1282 433 1330 517 (1)

200 543 310 598 autent
325 533 392 596 ait:
410 556 424 591 «
443 534 482 595 ln
500 529 650 596 eumdem
668 528 814 594 ordinem
831 529 1117 619 (apocryphorum)
1130 530 1201 617 jam
1217 555 1236 596 a
1257 536 1330 620 qui-

200 633 339 698 busdam
352 634 490 697 relatum
503 642 549 696 est
558 632 767 717 Evangelium
780 632 941 696 meandum
953 628 1105 706 Hebraeos,
1114 653 1178 717 quo
1190 635 1329 698 maxime

200 736 401 802 delectantur
416 735 543 799 Hebraei
560 736 619 818 illi,
642 735 697 821 qui
713 735 828 799 Christi
846 732 944 798 fidem
965 745 1184 819 susceperunt.
1202 763 1217 797 »

246 839 300 902 16.
320 837 384 902 Sed
401 839 575 902 maximam
587 838 692 902 lucem
709 836 846 900 afferunt
858 836 890 899 S.
910 836 1106 921 Epiphanius
1121 848 1152 901 et
1163 838 1196 902 S.
1212 840 1332 904 Hiero-

202 962 329 1028 nymus,
345 940 388 1006 de
403 942 557 1005 Nasaraeis
572 950 603 1004 et
619 940 772 1004 Ebionitis
789 947 931 1025 agentes.
948 939 1086 1003 Nazaraei
1103 941 1152 1026 (2)
1169 942 1332 1008 christiani

204 1055 295 1110 erant
310 1065 350 1109 ex
361 1042 479 1109 Judteis
500 1043 775 1108 Palaestinensibus
793 1043 949 1126 conversi,
971 1044 1026 1128 qui
1045 1064 1119 1107 cum
1138 1042 1200 1108 fide
1219 1045 1332 1110 Christi

201 1148 361 1213 mosaicos
381 1149 674 1211 ritusretinuerant
691 1155 810 1231 etpost
833 1143 959 1209 cladem
982 1146 1280 1232 ierosolymitanam
1298 1170 1332 1211 se

203 1259 393 1337 receperant
407 1253 441 1314 in
461 1250 611 1314 finitimas
629 1251 786 1334 regiones,
809 1249 929 1334 quippe
944 1257 1090 1333 tempore
1105 1249 1138 1312 S.
1161 1250 1332 1336 Epiphanii

204 1362 235 1416 et
246 1353 281 1416 S.
292 1352 479 1438 Hieronymi
494 1351 681 1416 habitabant
693 1353 725 1415 in
739 1350 864 1415 civitate
876 1348 1048 1433 Beroeensi,
1061 1348 1103 1414 ad
1115 1350 1329 1437 Coelesyriam,

204 1456 236 1518 in
252 1454 438 1519 Basanitide
449 1465 480 1519 et
491 1456 525 1521 in
540 1455 690 1539 Decapoli
703 1473 803 1539 prope
816 1452 950 1518 Pellarn.
967 1453 1164 1538 Epiphanius
1181 1455 1229 1539 (3)
1243 1475 1333 1519 asse-

203 1559 245 1621 rit
271 1557 437 1622 Nazaraeos
464 1559 580 1643 lingua
608 1556 769 1620 hebraice
788 1557 888 1620 fuisse
908 1556 1136 1641 peritissimos,
1158 1566 1333 1644 utrumque

205 1656 441 1724 Testamentum
456 1670 547 1725 vetus
565 1669 596 1723 et
612 1678 730 1723 novum
751 1659 920 1743 recepisse,
937 1667 1037 1744 atque
1050 1679 1126 1723 curn
1137 1658 1202 1722 fide
1217 1660 1332 1724 Christi

188 1763 361 1826 mosaicos
373 1763 761 1846 ritus,eircumeisionom,
779 1760 950 1825 sabbatum
966 1758 1109 1846 aliasque
1126 1762 1217 1846 Legis
1236 1752 1332 1825 caere-

205 1864 343 1947 munias,
355 1866 541 1929 servavisse.
561 1862 684 1928 Deinde
697 1862 788 1928 addit
801 1885 812 1926 t
827 1887 842 1922 a
860 1862 913 1926 Est
926 1884 1024 1947 penes
1039 1864 1113 1927 illos
1124 1865 1333 1948 Evangelium

205 1967 367 2029 seemdem
379 1967 566 2041 Mattianum,
589 1966 740 2031 hebraice
758 1966 912 2050 scriptum
928 1973 960 2029 et
980 1964 1334 2051 quidemplenisaimunt

206 2064 421 2156 (erinpemuroa)
441 2070 501 2156 (t).
524 2070 593 2134 Hoc
613 2070 700 2133 enim
723 2068 908 2151 certissime,
930 2077 1025 2152 prout
1043 2067 1202 2132 hebraicis
1222 2068 1334 2131 litteris

96 2164 102 2169 ’
205 2170 295 2237 initio
317 2173 471 2258 scriptum
495 2182 558 2255 est,
584 2174 617 2236 in
640 2170 833 2236 hodiernum
856 2179 981 2255 tempus
1004 2191 1106 2256 usque
1131 2178 1331 2234 conservant.

206 2271 639 2339 incantamentorum
657 2272 861 2360 genealogias
873 2273 944 2336 illas
964 2280 1182 2356 amputarunt,
1202 2291 1272 2357 quae
1291 2269 1334 2334 ah

206 2372 395 2442 bhmhamn
407 2374 450 2441 ad
462 2376 620 2442 Christum
634 2396 736 2463 usque
749 2373 912 2462 perductae
927 2383 1045 2440 sunt.»
1059 2376 1107 2438 Ex
1118 2374 1154 2438 S.
1166 2374 1335 2459 Epiphanii

207 2479 313 2543 verbis
326 2489 413 2564 patet
431 2481 595 2545 Nazaraeos
613 2482 786 2546 servavisse
802 2480 1015 2565 archetypam
1028 2479 1167 2543 Matthaei
1185 2478 1335 2562 Evange-

206 2580 285 2645 lium
300 2583 335 2646 in
345 2582 482 2649 dialecto
497 2578 708 2669 palaestinensi
724 2585 889 2668 scriptum,
908 2583 959 2647 cui
975 2592 1083 2647 tamen
1100 2580 1242 2646 admixta
1259 2580 1335 2646 lne-

231 2873 279 2939 ,(1)
288 2873 357 2925 utar.
369 2872 440 2925 Ecel.
452 2871 493 2934 111,
509 2871 550 2923 ta

242 2955 278 3020 (1)
290 2953 364 3007 lm’tic
380 2967 468 3005 omnm
482 2953 618 3004 Christiani
634 2953 743 3004 Nazaraei
760 2951 912 3003 voeabanarr
925 2950 992 3014 (Aet.
1012 2953 1096 3015 XXIX,
1113 2954 1142 3016 ὅς
1156 2954 1247 3017 Epipb.
1262 2952 1333 3005 lloer.

208 3036 293 3101 1111111,
310 3041 344 3104 t).
363 3039 475 3090 Ecclesia
494 3038 700 3102 ierosolimitana
716 3037 822 3086 conflata
840 3042 902 3096 erat,
920 3036 1054 3086 munimem
1070 3042 1177 3100 partem,
1195 3049 1227 3086 ex
1241 3035 1335 3085 ludaeis

209 3122 287 3185 patria
298 3122 388 3185 lingua
395 3121 526 3172 utentibus
537 3116 604 3184 (Art.
620 3119 661 3180 tt,
674 3121 697 3182 1;
715 3118 808 3169 liuseh.
828 3117 977 3170 nitebat.
996 3118 1037 3180 11,
1056 3119 1117 3182 tati).
1135 3117 1177 3168 llla
1190 3125 1274 3168 autem
1291 3131 1336 3168 ec-

207 3204 283 3254 elesia
304 3217 363 3254 cum
384 3204 461 3268 patria
484 3203 569 3266 lingua
585 3202 699 3265 Iudaicos
723 3202 789 3252 ritus
811 3201 912 3252 diutius
929 3202 1046 3252 servavit.
1072 3200 1168 3252 ideirco
1189 3200 1335 3264 quindecim

207 3286 281 3348 primi
300 3286 381 3349 hujus·
394 3285 511 3336 ecclesie
525 3285 636 3348 episcopi
653 3284 758 3335 fuerunt
770 3282 866 3334 liebraei
886 3296 919 3333 eat
935 3283 1132 3334 circumcisione
1149 3283 1255 3344 (Euseb.
1269 3284 1333 3333 illst.

206 3368 278 3420 licei.
295 3369 336 3430 tv,
351 3369 407 3432 5-6;
429 3368 516 3432 Catili.
535 3369 632 3418 llieros.
642 3367 746 3417 'conch
768 3366 819 3427 XV,
838 3367 877 3426 15,
895 3366 987 3429 1111111.Ι
1002 3369 1069 3416 Haer.
1085 3365 1168 3424 LXVI,
1184 3364 1236 3430 10).
1251 3365 1335 3426 Quian

207 3459 292 3500 nutem
313 3451 439 3501 Adrianus
460 3449 526 3500 circa
539 3463 580 3500 an.
605 3451 653 3500 151
667 3457 724 3512 post
742 3448 800 3498 Chr.
825 3462 851 3498 n.
870 3449 945 3510 huius
962 3448 1074 3499 ecclesia
1092 3448 1212 3511 reliquias
1233 3461 1337 3512 prorsus

200 3532 355 3593 expulisset,
369 3531 530 3601 tuncinvehi
539 3537 674 3594 eoeperunt
683 3531 709 3580 in
721 3530 775 3593 ipsa
790 3530 959 3594 lherosolyma
971 3530 1045 3594 greci
1060 3530 1254 3581 christianorum
1271 3530 1336 3578 ritus

207 3614 335 3665 derelictis
351 3615 445 3665 ritibus
458 3614 524 3679 bnis
538 3613 652 3664 llosaiete
668 3619 799 3663 emortuae.
814 3612 931 3662 Nonnulli
947 3620 1032 3662 autam
1050 3612 1130 3662 tudaei
1140 3626 1168 3662 se
1183 3616 1336 3674 receperunt

208 3697 235 3746 in
249 3697 418 3761 Coelesyriam,
431 3703 457 3748 et
467 3697 493 3747 in
505 3695 678 3751 basanitidem
689 3695 751 3746 etin
762 3696 857 3746 vicinas
873 3696 998 3759 repones,
1011 3701 1038 3746 et
1049 3695 1211 3749 retinuerunt
1223 3698 1252 3742 ut
1260 3702 1336 3742 antea

207 3779 432 3839 mosaicosritus,
447 3790 589 3842 quoscum
604 3777 653 3827 tide
671 3772 766 3827 Christi
786 3777 980 3840 conjungebant.
1004 3775 1033 3825 11
1053 3775 1100 3825 boc
1120 3783 1205 3825 nmen
1222 3774 1335 3822 nondum

207 3862 280 3908 erant
297 3857 428 3920 haeretiei3
455 3850 649 3921 erant'quidem
666 3857 711 3921 qui
728 3871 771 3907 eos
791 3857 941 3908 damnabant
966 3857 1035 3924 qnod
1058 3862 1186 3906 servarent
1207 3859 1336 3903 emortuos

188 4003 191 4008 ι
207 3939 282 4002 ritus;
293 3940 338 4006 sed
354 3940 396 3991 alii
412 3952 458 3990 eos
473 3952 575 4002 prorsus
594 3939 763 4000 absolvebant,
781 3947 809 3989 ot
826 3944 937 3989 testatur
952 3938 978 3988 S.
991 3937 1225 3998 lustiunsicontrc
1240 3933 1333 3998 Tryplr.

207 4023 251 4086 11)
263 4023 395 4084 postremis
407 4022 475 4072 hisce
486 4023 633 4073 assentiens.
647 4022 704 4072 llaec
714 4031 753 4073 est
764 4023 835 4085 origo
848 4022 1030 4072 Nazareorum.

242 4104 277 4167 tt)
288 4107 359 4154 iter.
371 4103 457 4164 XXlX,
470 4104 522 4154 7-9.
858 4130 861 4137 ⁴

242 4184 276 4248 (1)
288 4186 324 4236 lie
342 4185 427 4237 Vtette
441 4187 517 4237 vertit
530 4202 673 4254 eruperant
684 4186 821 4249 integrunt.
839 4185 919 4244 Falso;
932 4197 990 4235 narn
1004 4181 1159 4246 Epiphanius
1173 4187 1246 4244 putat
1257 4179 1336 4258 nam

208 4281 274 4319 reos
290 4282 339 4318 non
360 4268 476 4321 habuisse
494 4270 658 4334 lit'angeliunt
674 4269 784 4320 llatthaei
802 4270 940 4333 integrunt,
957 4266 1002 4318 sed
1017 4264 1151 4316 abstulisse
1165 4262 1336 4329 genealogiam

209 4351 313 4402 Christi.
