3132 4964
257 259 298 322 96
483 274 682 328 rnrronncrro
700 254 847 316 sodomus
862 271 894 312 rn
913 269 938 311 s.
958 268 1157 312 scnrrrunau.

177 365 180 371 ¹
258 398 334 462 gum
358 378 528 440 Persarum
551 370 794 440 consuetudines
819 369 1019 454 explicantur
1038 370 1128 454 quasi
1155 370 1266 464 lectori
1290 370 1399 433 inco-

259 481 353 566 gnitae
369 479 485 542 forent.
506 478 613 559 Quum
626 484 733 541 autem
748 473 831 537 liber
842 472 980 535 Estheris
993 470 1133 536 directus
1147 473 1243 536 fuerit
1255 471 1296 536 ad
1312 489 1399 537 οτη-Ι

259 606 316 648 nes
337 581 463 647 ludaeos
479 582 574 645 etiam
600 577 641 642 ad
661 599 728 659 eos,
748 577 803 662 qui
823 583 912 639 extra
934 573 1097 638 Persidem
1125 575 1340 640 morabantur
1364 583 1402 638 et

260 681 503 750 consuetudines
524 681 695 768 Persarum
712 675 914 763 ignorabant,
929 674 1013 750 istud
1029 687 1254 761 argumentum
1272 678 1302 741 vi
1324 675 1400 740 de·
1419 707 1421 713 ·
1454 694 1456 701 ·

260 786 408 850 stituitur.
805 772 867 896 Α

86 866 154 993 ὣ
172 899 258 997 jam
285 870 485 980 ΙιίΠίηφια
505 897 532 948 et
560 888 719 949 versiones.
749 883 858 983 Capita
889 883 954 945 1-x
966 931 975 965 ,
1005 882 1037 965 5,
1067 881 1219 947 hebraice
1242 885 1401 948 conscri-

97 996 144 1043 ,t

260 1002 314 1076 pta
350 998 527 1054 servantur.
562 985 788 1050 Additamento
820 987 923 1049 solum
953 986 1158 1049 inveniuntur
1186 988 1401 1052 inversione

120 1106 133 1167 t
261 1115 362 1179 graeca
387 1102 418 1155 et
448 1094 482 1155 in
505 1091 574 1154 aliis
598 1088 796 1154 versionibus
821 1087 897 1152 inde
920 1088 1054 1152 derivati
1108 1090 1395 1182 ,italarseilieess

148 1245 150 1249 .
205 1195 213 1203 ”
261 1198 396 1281 coptica,
418 1194 595 1281 aethiopica,
616 1191 757 1275 arabiam
775 1191 969 1274 armeniaca,
986 1191 1245 1363 siariffrsio
1266 1194 1399 1278 syriaca

44 1332 47 1339 =
261 1301 309 1385 (in
326 1297 398 1364 cod.
419 1298 519 1381 Masii,
538 1296 756 1381 Commentt'n
779 1298 845 1359 doe.
864 1318 897 1381 p.
914 1297 946 1380 6,
971 1297 1026 1381 25)
1083 1298 1146 1361 ‘ain
1170 1297 1399 1363 additamenta
1455 1310 1459 1316 “

262 1400 382 1481 habet,
419 1397 475 1462 sed
503 1404 662 1464 nonssultt
676 1384 839 1482 'impressa
863 1399 896 1460 in
923 1398 1119 1483 Polyglottis.
1133 1373 1261 1491 ffersio
1284 1421 1398 1485 graeca

263 1504 426 1568 elaborata
439 1503 499 1565 fuit
514 1503 629 1565 saeculo
641 1499 782 1564 secundo
796 1510 869 1564 ante
882 1501 1041 1565 Christum
1069 1511 1213 1587 tempore
1225 1503 1398 1566 Ptolemaei

261 1605 496 1686 Philometoris,
511 1613 546 1666 ut
558 1603 681 1666 constat
692 1624 730 1666 ex
744 1603 865 1687 iisquae
879 1624 950 1688 cap.
966 1604 1023 1686 XI,
1063 1653 1071 1687 ,
1087 1605 1235 1689 leguntur
1246 1628 1253 1668 ε
1264 1629 1278 1663 «
1293 1605 1396 1670 Anno

263 1718 376 1794 quarto
396 1706 603 1791 regnantibus
627 1706 797 1770 Ptolemaeo
816 1715 847 1768 et
869 1706 1049 1790 Cleopatra,
1075 1693 1178 1770 attulit
1201 1708 1395 1793 Dosithaeus,

264 1812 319 1897 qui
347 1833 380 1875 sc
409 1807 611 1874 sacerdotum
637 1817 667 1871 et
697 1808 813 1887 levitici
837 1809 961 1892 generis
984 1809 1119 1893 ferebat,
1146 1809 1189 1898 etl¹
1200 1810 1397 1876 Ptolemaeus

263 1915 347 1979 filius
371 1913 451 1999 ejus,
473 1912 558 1976 hanc
583 1912 750 1996 epistolam
775 1911 1019 1996 Phorim,quam
1050 1910 1199 1975 dixerunt
1228 1913 1395 1998 interpre-

264 2025 364 2080 tatum
379 2036 446 2079 esse
458 2014 693 2099 Lysimachum,
703 2013 864 2077 Ptolemaei
880 2012 994 2097 lilium,
1009 2014 1042 2077 in
1053 2014 1243 2078 Jerusalem.
1257 2041 1272 2076 n
1288 2016 1397 2080 Conti-

264 2127 318 2181 net
337 2127 445 2182 autem
456 2118 558 2181 versio
574 2137 677 2201 graeca
693 2137 758 2179 non
770 2117 873 2180 solum
890 2117 998 2180 omnia
1011 2137 1081 2201 quae
1095 2116 1246 2182 hebraice
1261 2118 1396 2183 hahen-

264 2232 327 2305 tur,
339 2220 396 2284 sod
407 2222 538 2304 iusuper
550 2217 766 2282 additamenta
779 2240 875 2303 supra
887 2217 1046 2304 descripta
1059 2219 1232 2283 narrationi
1245 2221 1394 2285 immixta

261 2325 355 2411 juxta
370 2331 655 2407 rerumgestarum
673 2323 799 2386 seriem.
820 2322 897 2385 Duas
916 2322 1062 2387 feruntur
1077 2343 1187 2408 graecae
1203 2325 1365 2389 versiones
1383 2347 1393 2387 t

266 2434 331 2490 una
348 2447 418 2512 quae
442 2423 579 2489 habetur
595 2426 629 2488 in
646 2423 784 2488 editione
801 2445 935 2488 romana
950 2425 1034 2489 LXX
1050 2426 1275 2511 Interpretum,
1293 2429 1399 2491 altera

268 2550 339 2616 quae
355 2529 396 2593 ah
409 2529 534 2592 Usserio
552 2526 636 2592 edita
649 2527 720 2611 fuit,
736 2548 870 2612 quaeque
884 2524 1001 2611 differt,
1019 2530 1254 2614 utplurimum,
1273 2551 1291 2593 a
1307 2531 1400 2615 prio-

268 2653 315 2714 re,
336 2633 379 2695 ita
395 2641 503 2694 tamen
525 2639 561 2693 ut
580 2639 716 2715 utraque
740 2651 780 2693 cx
797 2628 912 2694 eodem
934 2639 1020 2694 textu
1036 2631 1227 2716 primigenio
1243 2631 1400 2697 hebraico

269 2743 324 2798 aut
358 2732 524 2798 chaldaico
558 2731 695 2797 derivari
725 2730 903 2797 videantur.
937 2731 989 2795 Ad
1023 2733 1212 2798 narrationis
1246 2735 1401 2800 substan-

270 2837 346 2900 tiam
370 2834 458 2921 quod
481 2835 615 2917 attinet,
653 2843 807 2899 consonat
841 2843 944 2898 textus
979 2854 1100 2919 grecus
1132 2857 1206 2901 cum
1230 2837 1398 2902 hebraico.

270 2936 497 3001 Additamento
521 2946 629 3001 autem
645 2957 747 3022 graece
762 2934 888 3000 reddita
903 2936 999 3000 fuisse
1018 2958 1058 3000 ex
1072 2947 1160 3002 textu
1174 2939 1325 3003 hebraico
1344 2948 1401 3003 aut

271 3039 439 3106 chaldaico
452 3038 618 3126 deperdito
631 3039 777 3125 pluribus
789 3039 905 3124 probat
918 3041 1046 3124 Langen
1059 3039 1253 3126 (l).Exstant
1267 3041 1401 3126 quidem
1467 3116 1470 3123 ι

272 3143 388 3208 horum
400 3142 692 3206 additamentorum
707 3140 855 3227 quaedam
869 3132 1050 3226 fragmenta
1060 3138 1244 3228 chaldaica,
1259 3143 1302 3207 ab
1314 3145 1400 3208 Evo-

272 3242 326 3308 dio
342 3243 529 3327 Assemano,
545 3243 664 3307 deinde
688 3266 707 3308 a
731 3245 777 3307 De
794 3244 886 3308 Rossi
904 3242 952 3330 (2)
969 3266 1008 3307 ex
1032 3243 1196 3309 codicibus
1219 3255 1320 3327 eruta,
1343 3244 1402 3309 sed

273 3347 331 3410 ista
344 3348 525 3430 fragmenta
536 3347 759 3434 paraphrasim
773 3356 874 3411 textus
885 3347 1079 3431 primigenii,
1097 3359 1281 3413 nouantem
1295 3351 1401 3433 ipsum

273 3457 395 3515 textum
421 3450 635 3531 constituere,
667 3458 753 3512 tenet
774 3449 915 3534 Langen,
943 3472 1003 3515 nec
1025 3452 1156 3516 omnino
1180 3449 1331 3515 diffitetur
1353 3452 1402 3515 De

274 3552 378 3616 Rossi.
407 3547 576 3632 Quomodo
600 3562 707 3616 autem
730 3553 851 3617 factum
870 3554 908 3616 sit
925 3564 960 3617 ut
976 3555 1034 3618 ista
1053 3550 1270 3621 additamenta
1291 3574 1402 3639 graecae
1454 3584 1456 3588 ⁸
1506 3554 1509 3563 ’

275 3655 411 3719 versioni
436 3656 553 3719 inserta
582 3655 666 3737 sint,
693 3653 844 3718 deliciunt
870 3665 978 3719 autem
999 3657 1032 3719 in
1058 3656 1215 3721 hebraeo?
1234 3653 1403 3721 abundant

275 3756 466 3843 conjecturae
484 3757 544 3843 (5).

307 3956 343 4022 (l)
356 3958 410 4009 lib.
428 3959 472 4009 cit.
485 3956 500 4023 ἕ
513 3960 538 4009 5.

308 4039 343 4101 (2)
356 4039 383 4088 ln
395 4053 472 4102 opere
485 4054 561 4104 supra
572 4041 639 4091 land.
654 4055 678 4103 p.
692 4039 813 4097 lot-165.

308 4121 430 4185 (ttPutot
442 4123 614 4186 Ghiringhcllo
630 4123 812 4173 Mardochaeum
831 4123 957 4174 chaldaice
973 4131 1052 4174 totrm
1068 4123 1182 4174 Estheris
1200 4124 1338 4185 historiam,
1357 4138 1404 4188 ap·

269 4204 364 4267 ‘positis
384 4204 552 4266 documentis,
571 4205 701 4269 scripsisse
717 4206 743 4254 in
763 4205 869 4268 gratiam
889 4206 1035 4256 ludaeorum
1048 4206 1093 4268 qui
1116 4206 1219 4267 persicae
1237 4205 1405 4256 dominationi

276 4287 414 4350 [archoon
430 4286 483 4337 haec
494 4287 603 4339 narratio
616 4288 642 4336 in
656 4286 795 4349 Palaestina,
808 4294 912 4338 curante
926 4289 1065 4352 synagoga,
1080 4287 1196 4339 hebraice
1212 4287 1309 4339 reddita
1326 4285 1405 4339 luerit
1430 4310 1433 4319 ·
