3166 4958
323 341 398 384 raas
409 340 444 384 11.
459 338 553 381 carus
566 340 612 382 m.
630 341 668 382 ns
681 340 806 384 orreum
817 341 853 383 nr
867 341 1026 385 aueroarr.
1040 342 1084 385 rr.
1099 341 1229 385 avanae.
1276 319 1339 385 247
1446 405 1449 411 ¹

210 430 375 504 Clemente
394 437 624 522 Alexandrino,
651 461 688 503 cx
710 462 832 505 canone
852 442 1015 505 Muratorii
1034 443 1118 506 circa
1137 462 1258 505 annum
1276 441 1340 504 tto

211 539 309 625 edito,
333 565 371 607 ex
391 543 536 607 versione
558 543 650 624 itala,
677 564 741 630 qua
764 545 812 608 usi
836 552 908 607 sunt
933 545 1143 608 Tertullianus
1165 552 1197 607 et
1227 543 1338 606 irenei

211 645 379 730 interpres,
401 654 433 708 et
452 666 492 708 ex
512 645 656 709 versione
680 647 800 731 syriaca
818 647 967 731 simplici,
987 668 1058 733 quae
1077 645 1222 732 ejusdem
1239 646 1338 709 aetatis

211 767 279 810 esse
297 745 433 811 videtur.
454 747 554 810 Porro
575 747 623 810 isti
641 748 721 810 tituli
745 756 832 811 tanta
854 749 1041 812 auctoritate
1061 747 1226 832 pollebant
1245 755 1279 810 ut
1299 767 1338 809 ex

209 848 277 911 illis.
285 849 496 917 Tertullianus
508 846 660 914 adversus
676 850 871 914 Marcionem
887 849 1093 915 concluderet
1104 859 1242 936 quatuor
1254 850 1338 912 nat-

210 951 296 1036 thati,
311 953 422 1034 Marci,
440 952 533 1015 Lucae
554 960 584 1014 et
603 951 736 1015 Joannis
751 953 922 1038 Evangelia
946 974 1013 1017 esse
1027 950 1235 1034 admittenda,
1256 951 1336 1037 reji-

209 1053 361 1118 ciendum
372 1076 450 1120 vero
461 1053 541 1119 illud
556 1077 575 1119 a
592 1055 752 1119 Marcione
770 1077 809 1120 ex
820 1056 905 1120 Luca
922 1056 1103 1121 confectum
1119 1054 1179 1140 (1).
1193 1055 1225 1118 Si
1242 1055 1337 1139 igitur

211 1176 276 1242 quo
288 1165 433 1241 tempore
448 1166 593 1220 auctores
605 1156 852 1240 Evangeliorum
866 1157 960 1221 facile
977 1158 1064 1221 nosci
1080 1164 1238 1241 poterant,
1257 1155 1337 1218 titu-

209 1258 317 1323 lorum
337 1258 508 1322 auctoritas
529 1266 616 1321 muta
640 1266 709 1321 erat
727 1267 763 1322 ut
784 1259 843 1343 ipsi
866 1259 1006 1323 haeretici
1029 1256 1247 1323 contradicere
1271 1279 1335 1321 non

208 1369 349 1446 possent,
369 1381 440 1446 quse
456 1381 535 1424 sana
555 1361 663 1425 critica
681 1382 740 1425 eos
751 1360 848 1426 hodie
863 1361 996 1448 rejicere
1011 1361 1155 1426 audeat?

253 1462 286 1525 ὅ.
307 1463 425 1526 Praeter
443 1464 662 1548 inscriptiones
682 1463 761 1527 nihil
780 1465 814 1527 in
833 1465 1014 1551 Evangeliis
1029 1465 1166 1529 ldatthaei
1186 1472 1216 1527 et
1236 1464 1335 1527 Marci

209 1564 347 1630 hahetur
366 1587 407 1630 ex
429 1588 493 1652 qao
517 1577 629 1631 auctor
651 1567 760 1652 aliquo
783 1567 879 1633 modo
903 1569 1010 1654 colligi
1032 1571 1140 1654 possit.
1172 1569 1273 1632 Lucas
1302 1568 1335 1631 in

209 1671 366 1755 pmoemio
377 1671 428 1734 sui
437 1671 599 1755 Evangelii
613 1670 825 1756 Theophilum
839 1673 1015 1759 alloquitur
1025 1683 1057 1736 ct
1069 1694 1133 1737 suat
1145 1673 1335 1736 narrationis

203 1764 314 1837 'mutes
337 1771 467 1856 indicat,
494 1771 549 1837 sad
572 1795 691 1838 nomen
714 1795 806 1837 suurn
831 1796 894 1840 non
919 1774 1037 1860 prodit.
1055 1777 1093 1839 ln
1115 1775 1240 1840 Actibus
1256 1795 1334 1839 vero

208 1874 435 1960 Apostolorum
449 1877 491 1960 (Ι,
510 1875 583 1960 t-a)
599 1875 749 1939 eumdem
766 1877 979 1961 Theophilum
994 1878 1160 1964 alloquens
1176 1878 1286 1941 asserit
1301 1897 1335 1940 se
1379 1939 1381 1944 .

181 1986 184 1992 ‘
208 1979 419 2063 Evangelium
441 1979 695 2064 conscripsisse:
719 1979 864 2042 Primum
888 1980 1007 2064 pastina
1029 2000 1194 2044 emmonem
1218 1980 1277 2064 feei
1298 1978 1335 2041 de

208 2081 356 2156 omnmo,
382 2104 398 2146 ο
424 2081 596 2166 Theophila,
618 2103 685 2166 quoe
702 2084 788 2166 cepit
804 2083 893 2147 Jesss
909 2083 1008 2167 seem
1027 2082 1334 2166 ermeneumata

207 2184 372 2270 diem,quu
382 2185 729 2270 precipiens-Apostolis
741 2208 804 2270 per
818 2186 969 2271 Spiritum
983 2196 1133 2261 sumtum,
1144 2206 1218 2271 quos
1235 2184 1333 2269 clepit,

207 2299 383 2372 asumptus
400 2300 459 2352 est,
474 2288 582 2354 Porro·
595 2289 682 2353 hisce
701 2287 809 2353 serbis
825 2288 858 2351 S.
878 2289 1106 2374 Lucas,·quem
1125 2287 1334 2373 prohabimus

207 2388 346 2454 hemum
377 2413 445 2455 esse
476 2401 652 2473 auctorem,
678 2388 823 2476 designat
845 2393 976 2455 tertium
999 2392 1220 2476 Evangelium,
1245 2387 1334 2476 quod

208 2494 311 2557 solum
330 2492 373 2558 ad
389 2495 601 2579 Theophilum
617 2492 774 2558 directum
791 2503 849 2577 est,
867 2503 898 2558 et
913 2495 946 2557 in
963 2495 1158 2577 ascensione,
1168 2503 1204 2558 ut
1214 2491 1335 2557 indicat

207 2596 319 2671 Lucas,
340 2596 469 2661 desinit.
486 2598 593 2679 Quum
611 2607 737 2680 eatena
752 2606 788 2660 ut
807 2595 952 2660 diximus
962 2597 1051 2682 (pag.
1075 2596 1165 2681 250),
1186 2597 1333 2682 Evange-

185 2707 188 2711 ’
206 2700 286 2764 lium
297 2700 390 2764 Lucae
407 2710 564 2785 supponat
580 2700 754 2784 Evangelia
771 2699 908 2763 Matthaei
924 2709 956 2763 ct
971 2700 1082 2782 Marci,
1100 2696 1179 2763 illud
1195 2699 1333 2764 Acluum

206 2803 421 2867 testimonium
436 2803 551 2888 probat
565 2803 628 2866 tria
641 2803 747 2887 priora
764 2803 938 2887 Evangelia
949 2801 1020 2888 jam
1036 2803 1186 2866 exstitisse
1202 2800 1333 2886 quando

205 2904 288 2970 liber
309 2905 450 2971 nauum
472 2916 618 2970 exaratus
641 2905 713 2970 fuit.
738 2905 883 2990 Denique
910 2906 944 2970 S.
969 2905 1120 2988 loannes,
1146 2906 1202 2968 etsi
1221 2905 1332 2969 in-suo

204 3008 380 3094 Evangelio
394 3030 623 3074 nomensuum
652 3030 717 3073 noa
746 3009 905 3093 exprimit,
928 3010 1002 3072 satis
1025 3018 1134 3072 tamen
1155 3008 1276 3072 indicat
1298 3029 1332 3072 se

204 3111 290 3175 illius
309 3133 376 3176 esse
394 3121 570 3196 auctorem,
590 3110 720 3198 quando
738 3110 847 3175 scribit
866 3110 946 3175 illud
962 3113 1058 3176 faisse
1070 3112 1292 3196 conscriptum
1311 3133 1329 3176 a

203 3212 350 3298 discipulo
362 3215 610 3300 quern'dt'lipehat
621 3219 710 3279 Jesus
726 3213 785 3299 (2).
802 3212 968 3298 Siquidem
991 3215 1025 3278 in
1039 3215 1212 3299 Evangelio
1224 3213 1331 3278 innui-

239 3376 275 3439 (1)
287 3375 354 3428 Ado.
370 3376 500 3428 Marcion.
514 3377 558 3440 tr,
570 3376 605 3428 2:
619 3394 630 3425 s
647 3377 755 3429 tarano
768 3377 913 3441 Evangelio,
927 3378 1025 3429 sciheet
1035 3392 1090 3440 suo,
1103 3379 1200 3429 animm
1211 3376 1333 3431 adseriliit

203 3466 342 3522 auctorem,
358 3460 432 3523 quasi
447 3473 497 3510 rrou
515 3461 615 3511 licuerit
634 3461 670 3509 un
690 3461 794 3511 titulum
810 3473 913 3525 quoque
930 3461 1056 3525 affingere,
1073 3462 1114 3512 eui
1133 3461 1201 3512 netas
1217 3475 1267 3512 non
1282 3462 1333 3513 terit

205 3541 289 3604 ipsum
305 3555 399 3604 corpus
413 3532 547 3604 evertere'
557 3543 590 3592 m
605 3556 703 3605 possem
721 3543 762 3592 hie
775 3543 826 3606 jam
842 3542 947 3606 madum
965 3534 1059 3608 figere,
1078 3557 1127 3594 nen
1145 3545 1330 3605 agnoscendum

204 3624 360 3674 mntendens
369 3637 443 3686 opus,
458 3626 525 3687 quod
536 3638 586 3675 nou
601 3624 683 3688 erigat
698 3623 816 3683 frontem,
832 3626 900 3687 quod
914 3627 1009 3676 nuttam
1024 3626 1188 3677 constantiam
1206 3627 1329 3689 preferat,

205 3705 300 3757 nullam
312 3705 387 3755 fidem
400 3706 557 3768 repromittat
573 3707 605 3757 de
619 3707 775 3770 plenitudine
790 3705 867 3767 sisui,
880 3713 907 3757 et
919 3706 1073 3770 professione
1086 3707 1170 3757 detrita
1184 3707 1302 3757 auctoris
1317 3723 1330 3753 s

206 3786 304 3837 Titulos
316 3787 446 3849 explicari,
461 3802 488 3851 p.
507 3787 565 3848 ato,
582 3802 653 3852 seqq.

238 3862 274 3931 (Ξ)
287 3864 363 3918 loun.
379 3866 443 3931 xxi,
459 3868 493 3919 20
505 3869 546 3920 at.
558 3869 665 3920 loannes
680 3871 756 3922 etiam
772 3871 805 3923 de
820 3886 866 3923 suo
883 3874 1019 3937 Evangelio
1031 3873 1099 3935 loqui
1114 3872 1217 3922 ridetur
1229 3874 1332 3936 quaudo

205 3949 259 3999 ini
276 3949 361 4014 Epist.
380 3948 399 4011 l,
417 3952 463 4001 1-5
476 3952 538 4002 dicit
557 3967 563 4001 :
583 3952 656 4014 Quod
667 3953 719 4016 suit
735 3953 768 4003 ub
781 3955 865 4016 initio,
882 3956 950 4020 quod
960 3955 1118 4014 audivimus,
1136 3954 1204 4017 quod
1219 3953 1332 4003 vittatus

206 4029 287 4080 ocutis
300 4031 407 4092 nostrts,
422 4034 490 4096 quod
506 4034 695 4098 perspeximus,
710 4039 733 4084 et
747 4048 840 4085 manus
855 4041 952 4086 sostroe
969 4038 1190 4085 contrectaverunt
1203 4035 1233 4083 cie
1252 4033 1332 4084 Verbo

204 4111 274 4173 vttoe,
287 4118 311 4162 et
319 4116 374 4162 vita
383 4115 552 4177 manifestata
560 4120 606 4175 est,
615 4119 638 4164 et
647 4115 759 4166 vidimus
769 4122 792 4167 et
804 4121 961 4167 assumeret
972 4115 1158 4166 annuntiamus
1168 4115 1240 4165 vohis
1249 4119 1331 4166 vitam

205 4198 337 4244 emnem.
356 4193 457 4245 Etenim
477 4194 525 4247 ista
546 4198 705 4248 annuntiatio
723 4198 852 4250 historicae
871 4198 1035 4263 apparitionis
1051 4198 1127 4248 Verbi
1143 4199 1264 4250 inetmati
1280 4213 1332 4250 non

206 4275 237 4326 tit
251 4276 354 4339 pransa
367 4277 394 4327 in
411 4276 521 4342 Epistola
534 4295 540 4343 ;
556 4281 621 4330 bene
637 4293 695 4330 veru
712 4281 739 4330 in
754 4280 900 4346 Evangelio,
914 4282 988 4346 eujus
1004 4283 1085 4344 prima
1101 4282 1202 4334 loannis
1220 4281 1331 4346 Epistola

206 4356 286 4408 tuerit
296 4359 367 4422 quasi
382 4359 507 4411 dedicatio
521 4367 547 4411 et
563 4360 683 4424 prefatio.
