3168 4948
266 301 329 368 516
496 325 696 370 mruooucno
711 325 857 371 sanemus
873 325 906 370 nt
922 325 948 371 s.
969 324 1169 371 sestaronus.

267 420 363 505 dicet,
377 423 487 487 tertius
499 444 573 488 eum
588 426 703 509 partim
722 425 791 489 aliis
805 424 919 511 ignotis
935 423 1117 490 auctoribus
1131 413 1261 506 tribuat,
1280 421 1315 487 in
1325 422 1388 487 hoc

267 533 375 590 tamen
399 529 574 612 generatim
599 528 791 593 conveniunt
815 550 925 593 omnes
949 538 1136 610 auctorem,
1169 526 1312 614 quisquis
1333 527 1388 591 ille

268 625 375 710 luerit,
391 629 515 693 veritati
528 620 733 717 nequaquam
746 628 912 713 studuisse,
927 628 983 694 sed
998 630 1137 714 partium
1151 625 1255 694 studio
1270 629 1389 714 abrep-

268 737 337 792 tum
357 730 400 793 ita
417 728 514 795 Actus
535 752 680 796 exarasse
700 741 736 796 ut
751 733 887 796 Paulum
902 730 1054 797 adversus
1075 732 1217 815 Petrum,
1236 731 1391 796 Ethnieo-

195 817 200 826 ¹
269 832 461 897 Christianos
484 832 636 898 adversus
658 832 991 917 dudeco-Christianos,
1016 832 1221 899 Pontiniacus
1239 832 1393 898 adversus

269 936 466 1000 Petrittt'mtos
481 937 523 1000 ita
540 957 614 1000 oum
631 935 737 1001 debito
755 937 974 1003 moderamine
991 934 1190 1019 defenderet,
1207 945 1243 1000 ut
1258 957 1394 1000 concor·

269 1036 356 1102 diam
370 1040 521 1104 intereos
538 1037 631 1105 iniret
648 1051 679 1105 et
696 1043 740 1106 sic
757 1041 842 1105 viam
858 1042 996 1125 aperiret
1013 1038 1243 1105 christianismo
1261 1040 1395 1103 univer-

270 1144 339 1206 sali.
360 1143 475 1208 Contra
495 1145 591 1208 hosce
614 1164 725 1208 omnes
747 1143 947 1208 adversarios
964 1162 1202 1228 propugnamus
1223 1152 1254 1205 et
1274 1143 1393 1206 Lucam

270 1244 408 1325 Actuum
431 1254 595 1310 auctorem
621 1268 687 1310 esse
710 1256 741 1310 et
757 1266 832 1310 vcra
853 1268 920 1310 esse
938 1267 1009 1332 quae
1029 1246 1070 1309 ab
1093 1265 1130 1310 eo
1154 1254 1284 1309 narrata
1307 1253 1390 1307 sunt.

269 1345 308 1409 Et
330 1346 399 1432 jam
418 1349 522 1412 statim
546 1348 751 1413 observamus
773 1348 986 1434 dogmaticam
1011 1348 1112 1429 illam,
1136 1368 1233 1434 quam
1256 1346 1392 1431 lingunt,

270 1449 352 1512 inter
364 1445 495 1514 Petrum
507 1461 537 1515 et
550 1453 685 1516 Paulum
699 1453 929 1537 oppositionem
942 1472 1107 1538 nunquam
1121 1451 1284 1515 exstitisse.
1298 1452 1395 1514 Juxta

271 1550 469 1616 adversarios
481 1555 591 1618 Petrus
604 1554 749 1619 docuerit
760 1557 843 1620 solos
854 1555 980 1619 Judaeos
996 1556 1028 1618 in
1042 1556 1215 1619 Ecclesiam
1232 1554 1394 1638 recipien-

271 1653 341 1737 dos,
356 1657 488 1740 gentiles
507 1678 596 1739 vero,
615 1659 739 1722 nonnisi
764 1668 908 1743 suscepta
923 1656 1011 1743 prius
1027 1657 1125 1721 abeis
1145 1659 1214 1742 lege
1230 1657 1392 1738 Mosaica3

270 1755 388 1822 Paulus
419 1779 495 1823 vero
524 1762 645 1845 primus
675 1771 784 1825 contra
813 1759 943 1825 Petrum
966 1761 1215 1844 propugnaverit
1237 1752 1392 1842 ethnicos,

271 1863 359 1924 nulla
388 1862 497 1927 hahita
520 1863 597 1948 legis
622 1865 765 1928 Mosaicae
788 1865 922 1946 ratione,
949 1859 1021 1927 esse
1038 1863 1262 1928 admittendos,
1288 1864 1394 1944 Quam

270 1966 339 2028 haec
362 1965 442 2030 falsa
463 1967 526 2030 sint
541 1969 708 2052 multiplici
728 1977 917 2053 argumento
934 1968 1142 2032 convincitur.
1161 1968 1202 2031 Ut
1220 1978 1325 2032 cetera
1341 1977 1394 2031 ta-

271 2088 411 2152 ceamus,
443 2092 548 2134 nonne
572 2071 638 2155 ipse
662 2071 802 2135 Christus
825 2070 948 2134 disertis
971 2068 1076 2133 verbis
1104 2067 1256 2133 docuerat
1284 2091 1395 2133 omnes

272 2180 380 2255 gentes
396 2172 601 2258 baptizandas
614 2194 681 2237 esse
694 2182 725 2237 et
739 2170 1025 2258 evangelizandus?
1037 2172 1149 2235 Nonne
1162 2172 1285 2254 Petrus,
1300 2181 1395 2235 ante-

199 2334 202 2339 ,
272 2296 370 2361 quam
387 2277 505 2340 Paulus
522 2276 563 2341 ad
580 2287 689 2362 gentes
708 2279 896 2358 mitteretur,
915 2277 1079 2340 ethnicum
1096 2277 1315 2339 centurionem
1331 2276 1395 2340 ba-

271 2380 386 2463 ptismo
398 2380 432 2442 in
444 2381 619 2465 Ecclesiam
633 2378 836 2464 susceperat?
848 2376 960 2443 Nonne
972 2380 1093 2464 primus
1106 2379 1139 2442 in
1152 2379 1285 2442 concilio
1301 2368 1393 2442 lero-

275 2482 462 2566 solymitano
480 2484 600 2547 -Petrus
626 2482 733 2546 docuit
759 2483 901 2547 ethnicos
922 2480 1018 2545 fidem
1042 2483 1206 2566 amplexos
1233 2501 1297 2545 non
1327 2501 1395 2544 esse

274 2586 462 2647 ceremoniis
475 2585 552 2669 legis
564 2586 708 2649 Mosaicec
720 2583 984 2669 adstringendos?
996 2583 1090 2665 Quod
1102 2585 1127 2647 si
1139 2585 1262 2666 Petrus,
1279 2604 1395 2669 quam-

273 2689 320 2749 vis
343 2685 473 2752 doceret
492 2689 595 2772 legem
617 2689 787 2752 Mosaicam
810 2708 873 2750 non
894 2689 1031 2773 amplius
1055 2687 1210 2771 obligare,
1229 2685 1395 2772 prudentis

273 2811 340 2861 esse
359 2791 479 2854 consilii
491 2789 684 2876 judicaverit
707 2812 779 2854 eam
802 2792 834 2854 in
855 2790 1047 2876 quibusdam
1066 2790 1307 2854 circmnstantiis
1323 2810 1394 2853 ser-

272 2912 360 2976 vare,
379 2914 485 2956 nonne
502 2894 631 2977 Paulus,
650 2892 880 2958 circumcidens
896 2893 1109 2974 Timotheum,
1129 2900 1160 2955 ct
1176 2902 1284 2956 votum
1306 2894 1395 2956 nazi-

272 3006 378 3060 reatus
403 2998 548 3060 emittens
574 3006 604 3061 et
623 2998 786 3060 Romanos
812 2995 949 3060 edocens
973 2994 1013 3058 de
1039 2993 1167 3059 vitando
1195 2996 1395 3059 infirmorum

273 3098 425 3165 scandalo
449 3101 481 3163 in
497 3099 679 3165 discrimine
699 3099 787 3163 cibor
812 3120 845 3162 m
876 3098 961 3162 idem
977 3098 1080 3162 lecit?

40 3170 123 3276 ast
147 3182 184 3299 *p
269 3174 301 3237 Γ
318 3205 349 3267 7.
375 3204 460 3266 Lt‘hrt'
481 3210 609 3267 Actutum
631 3120 938 3286 autteartdhc’fides
961 3202 1114 3265 historica.
1141 3202 1276 3284 Lucam,
1303 3204 1394 3267 Pauli

274 3306 579 3391 discipulumatque
607 3306 766 3386 comitem,
783 3305 857 3368 libri
874 3305 1012 3368 Actuum
1030 3313 1193 3368 auctorem
1216 3327 1282 3368 esse
1301 3306 1395 3370 colli-

237 3412 358 3509 plgitur
365 3387 591 3503 &hialim
609 3417 640 3470 et
652 3430 695 3502 eit
709 3407 888 3472 traditione.
907 3407 1030 3471 Etenim
1048 3407 1136 3471 initio
1157 3417 1268 3471 auctor
1285 3411 1396 3473 asserit

196 3514 246 3597 Αἵ)
273 3512 481 3597 Evangelium
495 3498 800 3596 dioecesanum,
819 3513 991 3596 alloquitur
1004 3510 1227 3595 Theophilum,
1243 3510 1394 3597 adquam

221 3594 224 3615 ³
273 3618 368 3682 etiam
397 3616 523 3679 tertium
552 3616 760 3699 Evangelium
789 3612 945 3699 dirigitur,
968 3623 998 3677 et
1023 3636 1042 3677 a
1066 3615 1167 3697 capite
1190 3613 1275 3697 XVI,
1297 3617 1338 3679 to
1361 3639 1394 3682 se

273 3729 420 3785 numerat
444 3717 526 3780 inter
541 3717 631 3780 Pauli
651 3717 780 3781 comites
803 3694 862 3822 ss]
881 3716 981 3779 Porro
1001 3716 1096 3779 istum
1115 3716 1206 3778 Pauli
1220 3718 1391 3802 comitem,

306 4022 342 4084 (t)
360 4020 551 4071 contenderunt
569 4019 681 4069 nonnulli
698 4016 876 4078 Rationalem,
894 4024 922 4068 ut
940 4019 1094 4081 Schanbeck,
1112 4019 1205 4070 librum
1221 4019 1330 4070 actuum
1346 4032 1396 4069 non

271 4116 328 4152 esse
343 4103 390 4151 nisi
409 4100 558 4164 indigestam
573 4101 774 4163 compilationem
792 4100 1001 4150 documentorum
1022 4101 1213 4165 antiquiorum,
1230 4113 1294 4164 quos
1308 4106 1397 4151 auctor

270 4184 395 4236 recentior
415 4184 439 4232 in
460 4197 540 4232 unum
556 4183 717 4244 congesserit.
736 4182 805 4232 Unde
821 4182 924 4244 phrases
940 4183 989 4232 iliae
1007 4199 1018 4229 t
1037 4183 1209 4247 navigavimus
1228 4200 1239 4228 s
1259 4199 1270 4227 (ι
1289 4182 1395 4245 protecti

271 4277 359 4316 sumus
378 4280 389 4310 s
408 4275 458 4312 non
475 4269 604 4313 auctorem
620 4261 700 4325 ipsius
717 4261 782 4322 libri,
802 4262 847 4312 sed
864 4260 997 4326 fragmenti
1018 4269 1134 4326 tantum,
1154 4264 1328 4327 designarunt.
1345 4263 1395 4314 Sed

275 4348 326 4397 haee
337 4346 469 4408 explicatio
487 4343 544 4394 ideo
558 4345 657 4395 inventa
672 4353 701 4395 ut
715 4343 794 4394 Lucas
810 4343 919 4396 ictuum
931 4353 1019 4397 auctor
1035 4352 1179 4410 negaretur,
1195 4346 1226 4397 at)
1242 4346 1295 4408 ipso
1309 4345 1398 4397 henan
