3142 4964
262 323 302 389 28
488 347 688 393 mraooocrro
705 353 852 397 sracuus
871 352 905 394 m
918 351 944 394 s.
961 349 1160 393 semrrunsu.

58 369 69 385 ,-
107 349 125 387 r

32 482 57 553 y,
72 390 206 523 wlff*
306 443 359 506 46.
385 442 457 528 Oly.
481 416 647 545 5·.[§tylus
667 470 731 512 non
749 447 889 513 decurrit
908 449 1075 512 uniformis
1095 469 1154 532 per
1179 455 1279 511 totum
1301 448 1390 511 Peu-

262 548 458 630 tateuchum,
485 549 541 613 sed
563 553 702 615 narratio
723 574 808 616 nunc
832 552 978 637 simplex,
1003 551 1121 634 brevis,
1147 548 1387 636 compendiosa,

264 671 378 714 nunce
396 662 505 716 contra
519 664 643 737 ornata,
658 653 826 718 abundans
839 665 870 718 et
882 654 1017 739 prolixa,
1032 653 1236 738 conspicitur.
1251 652 1390 716 Praeter·
1470 704 1474 713 .
1496 646 1500 652 ’

264 774 314 829 ea,
333 763 363 816 et
378 752 459 817 illud
474 757 649 840 presertim
666 754 843 819 notandum
865 766 921 838 est,
941 757 975 818 iu
989 753 1182 841 quibusdam
1203 753 1391 840 fragmentis

264 854 347 917 Deus
371 857 500 919 nomine
521 856 642 921 Etenim
658 856 853 943 designatur,
872 858 905 920 in
928 858 998 921 aliis
1019 878 1095 922 vero
1116 857 1244 920 nomine
1262 855 1390 929 deloco,
1485 880 1491 893 ¹

264 956 351 1042 quod
368 970 453 1022 certe
471 958 590 1023 iudicat
608 959 750 1025 diversos
763 961 859 1024 fuisse
871 960 1078 1024 Pentateuchi
1092 937 1274 1063 auctores]

55 975 204 1177 ἄλῃ,
213 1072 241 1219 p
307 1062 359 1125 47.
386 1051 597 1146 Respffluod
624 1064 720 1150 stylus
742 1086 807 1128 non
830 1063 950 1149 ubique
976 1061 1062 1126 idem
1083 1063 1305 1146 conspiciatur,
1326 1061 1391 1126 hoe

264 1186 302 1227 cx
314 1164 410 1229 rebus
427 1167 573 1248 narratis,
594 1188 633 1230 ex
648 1188 743 1251 scopo
757 1167 866 1252 Moysi,
882 1188 920 1229 ex
932 1175 1076 1251 tempore
1090 1187 1154 1251 quo
1169 1165 1292 1249 scripsit
1304 1173 1334 1228 et
1351 1187 1392 1227 ex
1486 1216 1500 1231 ,

262 1270 333 1332 aliis
354 1270 596 1333 circumstantiis
618 1269 701 1334 bene
724 1270 875 1354 explicari
901 1279 1013 1354 potest.
1037 1269 1160 1332 Etenim
1178 1289 1272 1331 nemo
1291 1269 1392 1331 nescit

263 1373 362 1436 alium
383 1394 450 1435 esse
474 1374 588 1457 stylum
610 1374 746 1437 auctoris
763 1371 898 1458 juvenis,
918 1371 1017 1435 alium
1035 1369 1178 1456 ejusdem
1195 1371 1278 1433 senis
1299 1370 1388 1433 facti.

263 1477 433 1539 Diversitas
454 1478 620 1539 nominum
637 1478 694 1540 Dei
712 1477 790 1539 nihil
807 1475 933 1561 probat,
953 1484 988 1539 ut
1003 1473 1199 1539 ostendimus
1215 1475 1338 1559 supra(
1362 1472 1416 1579 y]

4 1620 6 1635 l

4 1726 5 1737 r

4 1778 5 1813 l

4 1958 6 1981 ,
38 1832 127 1973 atsi
136 1882 170 1993 ὅ,
192 1940 204 1966 κ
226 1856 245 1915 ’γ’
287 1835 439 2007 (stillio
458 1912 490 1974 in
517 1920 716 1975 antecessum
741 1909 912 1974 ohservare
940 1920 1063 1996 oportet
1083 1909 1245 1996 duplicem
1272 1911 1391 1978 distin·

262 2015 424 2103 guendam
439 2037 507 2080 esse
521 2014 747 2099 integritatem,
764 2013 1002 2087 substantialem,
1020 2035 1091 2099 quae
1107 2016 1296 2079 narrationis
1312 2015 1390 2080 sub-

261 2122 424 2201 stantiam,
439 2129 470 2183 et
485 2117 705 2190 accidentalem,
724 2138 795 2202 quae
813 2118 950 2180 minutas
969 2118 1231 2200 circumstantias,
1255 2128 1387 2204 spectat.

263 2222 324 2286 vix
339 2217 536 2284 monendum
554 2228 600 2282 cst
617 2240 674 2282 nos
694 2239 790 2302 agere
806 2216 972 2281 dumtaxat
987 2217 1028 2281 de
1046 2219 1225 2304 integritate
1241 2221 1390 2286 substan-

261 2324 341 2388 tiali.
357 2324 447 2386 Ultro
466 2323 551 2385 enim
570 2320 774 2386 concedimus
792 2322 885 2405 plura
904 2319 1023 2384 menda
1038 2322 1113 2385 vitio
1133 2321 1338 2388 librariorum
1354 2320 1389 2389 in

265 2426 517 2490 Pentateuchum
534 2405 821 2517 irrepsissejatque
835 2426 1000 2507 nonnulla,
1014 2425 1080 2497 sive
1094 2447 1133 2491 ex
1148 2428 1309 2512 proposito
1323 2428 1389 2491 sive

266 2551 304 2594 ex
323 2529 525 2614 negligentia,
545 2528 640 2592 luisse
657 2529 708 2591 vel
724 2525 844 2610 addita,
861 2528 912 2590 vel
929 2528 1056 2610 omissa,
1078 2529 1130 2592 vel
1146 2539 1265 2593 mutata
1281 2527 1390 2616 quoad

264 2655 315 2697 ros
328 2633 455 2703 levioris
472 2632 637 2714 momenti,
653 2641 687 2695 ut
702 2630 737 2693 fit
748 2633 781 2694 in
796 2630 884 2695 libris
899 2631 1060 2716 profanis;
1075 2630 1161 2717 quod
1175 2633 1274 2697 fusius
1286 2634 1388 2718 expli·
1528 2610 1563 2702 l

264 2757 282 2800 c
304 2737 418 2816 vimus,
441 2736 495 2799 ubi
513 2756 617 2799 sermo
633 2735 693 2798 fuit
705 2733 745 2797 de
762 2735 1002 2799 conservatione
1015 2744 1116 2798 textus
1129 2735 1294 2822 hebraici(
1319 2737 1342 2820 ).
1526 2746 1557 2847 ff

307 2841 361 2904 49.
391 2839 624 2903 Pentateuchus
648 2840 770 2922 integer
795 2848 826 2901 ct
853 2840 1055 2924 incorruptus
1080 2838 1124 2904 ad
1149 2862 1206 2904 nos
1230 2842 1386 2926 pervenit.
1519 2920 1524 2931 Ι

264 2941 385 3007 Eadem
405 2943 491 3006 enim
511 2940 589 3005 fides
610 2940 739 3026 publica
761 2950 792 3003 et
816 2942 908 3005 totius
932 2941 1033 3025 gentis
1045 2939 1186 3027 judaica
1203 2962 1260 3027 per
1278 2962 1390 3006 omnes
1500 2936 1514 3003 s
1547 3016 1551 3023 ¹

263 3049 484 3134 generationes
503 3045 657 3132 perducta
677 3044 816 3129 traditio,
836 3065 907 3130 quae
926 3044 1040 3130 probat
1060 3045 1311 3109 Pentateuchum
1328 3066 1390 3132 ge·
1445 3109 1450 3114 .

266 3153 399 3216 nuinum
421 3172 488 3215 csse
512 3151 607 3235 Moysi
629 3170 721 3234 opus,
743 3149 838 3212 etiam
859 3147 974 3228 probat
991 3168 1065 3211 eum
1084 3148 1243 3233 integrum
1263 3169 1391 3233 semper

264 3262 296 3316 et
313 3254 533 3338 incorruptum
554 3251 787 3336 permansisse:
805 3248 962 3335 siquidem
976 3234 1106 3334 integrae
1123 3271 1249 3336 semper
1270 3250 1390 3314 nationi
1465 3318 1468 3325 Δ

263 3374 451 3438 persuasum
467 3353 527 3416 fuit
540 3374 573 3416 se
588 3350 667 3415 illud
680 3353 785 3436 ipsum
799 3372 878 3436 opus
890 3349 1023 3433 habere,
1041 3349 1129 3436 quod
1143 3372 1163 3416 a
1179 3354 1284 3437 Moyse
1296 3373 1391 3416 acce·

263 3464 378 3541 perunt
399 3456 508 3519 Patres
525 3475 649 3535 eorum,
668 3475 773 3539 neque
793 3451 939 3517 additum
954 3451 1132 3539 quidquam
1148 3455 1244 3518 fuisse
1257 3463 1312 3518 aut
1328 3453 1392 3519 de·

262 3569 399 3623 tractum
416 3559 464 3641 iis,
480 3578 550 3644 quae
568 3559 689 3643 Moyses
704 3545 893 3654 scripseraffl
901 3558 984 3642 Ergo
999 3559 1023 3620 si
1039 3558 1108 3621 haec
1122 3556 1202 3621 fides
1213 3555 1342 3643 publica
1359 3568 1393 3622 et

264 3670 411 3726 constans
424 3658 550 3724 traditio
567 3661 681 3725 invicte
695 3659 811 3745 prohat
826 3661 1078 3724 Pentateuchum
1091 3683 1158 3725 esse
1170 3661 1391 3747 authenticum

264 3762 377 3828 eodem
384 3761 460 3849 jure
473 3763 589 3848 probat
601 3763 691 3826 illum
707 3784 773 3826 esse
791 3764 962 3848 integrum,
983 3786 1020 3827 eo
1035 3765 1087 3828 vel
1099 3767 1200 3851 magis
1213 3764 1300 3851 quod
1313 3765 1391 3829 nul·
1494 3822 1496 3829 .

265 3868 332 3931 lum
350 3864 455 3951 detegi
475 3868 571 3952 possit
590 3866 800 3951 corruptionis
817 3865 983 3931 iudicium.
1010 3868 1093 3932 Hinc
1113 3869 1271 3954 Josephus
1291 3854 1392 3932 testa-

169 1719 214 1887 ,y
351 1680 353 1685 ⁵
557 1693 613 1760 lV.
633 1696 679 1757 Dc
697 1696 867 1779 integritate
881 1693 1092 1756 Pentntcnrlri.
1119 1760 1123 1766 .

261 4140 325 4191 gaes
339 4126 580 4190 indo-europeenncs
595 4140 601 4177 :
618 4127 680 4178 elles
700 4129 825 4179 semblent
841 4128 941 4180 coaltes
954 4130 1016 4181 daus
1033 4144 1069 4181 un
1083 4131 1176 4193 moute,
1188 4130 1246 4183 d'otr
1256 4131 1274 4181 il
1288 4143 1322 4183 ne
1334 4131 1393 4183 leur

261 4217 300 4260 est
313 4209 449 4273 pasdonnt
463 4210 495 4260 de
509 4210 619 4259 sortia»
664 4251 669 4259 ,
961 4205 967 4216 ’

294 4290 329 4356 (l)
344 4292 426 4354 Supra
440 4304 465 4353 p.
483 4289 565 4341 la-lt.

296 4371 332 4438 (Ξ)
343 4372 399 4424 vid.
410 4373 477 4423 Pan.
494 4371 514 4433 l,
531 4386 554 4436 p.
568 4374 675 4424 ss-loo.
