3142 4964
66 893 241 1138 ,alal

40 1941 193 2143 top

266 281 308 342 44
500 275 700 344 turnonucrlb
718 301 864 343 sanemus
883 270 917 340 tlt
934 300 961 341 S·
981 299 1180 343 scalarum.

263 409 372 463 autem
394 399 549 463 unitatem
571 410 731 485 reponunt
753 401 785 462 in
808 397 1014 463 foecunditate
1039 408 1205 483 perpetua,
1230 419 1301 483 quae
1326 420 1391 463 non

262 500 391 565 deficiat
411 511 483 586 post
502 524 600 566 unam
624 513 680 566 aut
702 504 837 566 alteram
860 501 1123 585 generationem,
1148 500 1204 564 sed
1227 500 1391 566 indefinite

263 603 360 687 possit
378 582 576 768 continuari}
586 603 647 667 Sic.
667 625 699 667 v.
719 623 750 687 g.
767 603 983 687 quamtumvis
999 604 1176 666 numerosa
1188 605 1249 666 sint
1273 624 1391 666 canum

261 707 429 770 varietates
440 726 538 769 unam
572 715 716 770 umtaxat
728 706 867 789 speciem
886 705 1090 787 constituunt,
1110 705 1185 789 quia
1201 703 1392 768 foecunditas

263 809 347 871 inter
366 829 460 871 canes
480 809 618 871 multum
631 806 799 870 dissimiles
812 827 876 870 non
895 808 995 870 cessat
1006 816 1077 891 post
1085 804 1242 891 quasdam
1255 826 1392 890 genera·

265 910 377 992 tiones,
403 909 459 973 sed
482 909 644 974 indefinite
661 916 854 994 perseverat.
876 910 958 991 Quia
977 918 1084 972 autem
1108 907 1194 971 idem
1214 907 1336 972 obtinet
1359 909 1390 970 in

267 1012 476 1076 matrimoniis
496 1013 663 1076 bominum
682 1013 846 1097 nigrorum
866 1033 939 1075 cum
959 1012 1040 1074 albis
1059 1012 1110 1074 vel
1128 1012 1230 1094 flavis,
1249 1012 1392 1095 sequitur

267 1136 377 1178 omnes
396 1114 438 1178 ad
454 1136 553 1179 unam
571 1117 711 1199 speciem
727 1114 849 1196 reduci,
870 1113 1016 1200 adeoque
1038 1114 1117 1177 nibil
1135 1113 1291 1198 impedire
1314 1136 1393 1200 quo-

267 1218 371 1280 minus
384 1238 423 1280 ex
436 1240 500 1280 una
514 1216 629 1281 Adami
639 1219 747 1301 stirpe,
762 1227 796 1280 ut
813 1226 922 1280 narrat
937 1218 1070 1301 Moyses,
1085 1217 1274 1300 proveniant
1286 1216 1346 1302 (l).

311 1320 363 1384 75.
389 1322 478 1404 Resp.
504 1321 544 1383 ud
567 1322 619 1383 2⁰³.
645 1319 822 1384 Fatendum
842 1329 889 1383 est
907 1321 991 1384 viros
1015 1320 1193 1404 philologos
1211 1321 1266 1405 qui
1285 1321 1391 1384 conati

267 1433 340 1486 sunt
363 1445 473 1488 omnes
490 1424 614 1507 linguas
635 1446 674 1487 ex
692 1424 843 1487 hebraico
856 1420 1008 1486 ‘sermone
1026 1422 1198 1505 deducere,
1221 1424 1253 1486 in
1273 1445 1393 1487 vanum

266 1527 433 1610 bucusque
448 1524 619 1589 desudasse
638 1527 712 1589 etin
725 1524 880 1588 absurdas
894 1547 976 1609 saepe
992 1527 1197 1609 etymologias
1213 1524 1391 1590 devenisse.

268 1626 360 1691 Unde
377 1629 576 1691 occasionem
590 1628 673 1691 nacti
687 1638 759 1690 sunt
771 1627 939 1709 increduli,
956 1629 1013 1690 bos
1030 1627 1237 1711 confutando,
1252 1650 1394 1692 asserere

267 1730 383 1793 falsam
397 1751 463 1793 esse
477 1731 694 1793 narrationem
707 1731 973 1815 mosaicam,quia
985 1731 1075 1814 ponit
1088 1731 1218 1794 unicum
1232 1730 1395 1795 eumdem-

267 1854 329 1919 que
342 1833 490 1896 omnibus
502 1834 590 1897 initio
607 1833 703 1897 fuisse
716 1855 909 1916 sermonem,
924 1834 1113 1898 hebraicum
1126 1857 1140 1897 s
1160 1835 1256 1916 ilicet,
1273 1857 1311 1898 ex
1328 1856 1394 1920 quo

265 1958 377 2000 omnes
390 1938 504 2021 linguae
518 1958 725 2022 nequaquam
738 1935 922 2000 derivandae
939 1857 1271 2034 videbanturbostra
1287 1947 1395 2001 autem

265 2048 356 2102 aetate
371 2039 553 2123 linguarum
568 2040 674 2124 periti,
686 2040 783 2103 aliam
800 2041 885 2102 viam
899 2040 1009 2122 secuti,
1018 2049 1087 2102 tum
1100 2040 1256 2104 vocabula
1270 2041 1397 2124 lingna-

264 2163 336 2206 rum
359 2153 427 2207 tum
451 2164 562 2206 eorum
586 2143 706 2206 formas
722 2143 977 2226 grammaticales
996 2151 1093 2227 atque
1117 2152 1283 2227 syntaxeos
1307 2145 1394 2227 leges

263 2246 375 2310 sedulo
392 2248 606 2327 contulerunt,
626 2269 665 2309 ex
682 2268 747 2331 qua
766 2246 937 2310 collatione
950 2267 1060 2309 omnes
1078 2247 1203 2330 linguas
1217 2245 1258 2309 ad
1275 2267 1407 2339 paucas¹

264 2351 395 2412 omnino
418 2349 555 2412 familias
578 2371 634 2412 seu
654 2350 767 2433 stirpes
790 2338 999 2411 reduxerunt.
1027 2349 1096 2411 letae
1119 2357 1226 2411 autem
1247 2348 1392 2431 familiae,

263 2452 410 2535 quamvis
433 2472 453 2514 a
470 2472 503 2514 se
521 2452 658 2514 invicem
681 2449 910 2535 discrepantes,
934 2452 1081 2514 intimam
1097 2460 1218 2531 tamen,
1237 2460 1271 2513 ut
1288 2452 1396 2535 pluri-

263 2557 600 2637 mum,connexionem
612 2555 745 2619 babent.
760 2556 954 2641 Quanquam
968 2556 1044 2631 ve'ro
1057 2557 1239 2640 linguarum
1252 2552 1394 2617 studium

263 2652 405 2742 eousque
422 2656 566 2721 nondum
582 2678 787 2742 progressum
803 2659 852 2740 sit,
868 2667 902 2721 ut
914 2657 955 2721 de
972 2657 1121 2721 omnibus
1134 2658 1250 2742 linguis
1266 2658 1348 2720 inter
1361 2679 1395 2719 se

263 2762 385 2826 collatis
398 2759 558 2846 judicium
578 2761 662 2824 ferre
675 2763 803 2825 valeant
821 2759 918 2844 docti,
933 2762 966 2824 in
981 2761 1067 2824 hanc
1082 2769 1192 2823 tamen
1209 2760 1393 2824 conclusio-

263 2886 339 2928 nem
351 2885 415 2928 non
430 2864 552 2950 absque
565 2864 791 2948 probabilitate
804 2863 1014 2946 devenerunt,
1029 2874 1065 2927 ut
1077 2863 1275 2927 affirmarent
1284 2883 1397 2926 omnes

266 2969 392 3053 linguas
405 2991 444 3032 ex
455 2990 519 3032 una
532 2969 696 3053 primaeva,
713 2989 784 3055 quae
797 2969 938 3053 perierit,
954 2968 1134 3053 provenire,
1150 2988 1222 3052 quae
1235 2967 1398 3031 conclusio

264 3072 344 3135 nibil
357 3073 497 3135 continet
508 3072 681 3135 narrationi
696 3071 1027 3156 Mosaicaeoppositum
1040 3070 1099 3154 (2)
1112 3070 1258 3134 Ceterum
1271 3072 1395 3134 etiamsi

299 3258 334 3322 (1)
347 3259 420 3308 Juvat
445 3260 486 3309 bic
503 3260 593 3310 afferre
610 3260 684 3310 verba
703 3260 754 3310 1111.
778 3260 879 3310 Germia
907 3267 934 3310 et
958 3259 1009 3307 Van
1029 3257 1144 3307 Bencden
1162 3257 1292 3321 (Zootoqie
1314 3257 1400 3306 aetdi-

268 3340 322 3391 role
339 3348 368 3391 t..
386 3341 406 3400 l,
424 3356 448 3404 p.
468 3341 507 3401 te,
523 3343 601 3392 Paris.
620 3342 702 3404 1859).
727 3357 738 3387 «
758 3342 856 3401 Ballou,
875 3341 994 3405 inquiunt
1013 3338 1150 3390 doctissimi
1168 3338 1289 3397 istisin,
1308 3337 1399 3400 Linus,

267 3423 454 3483 blnmeubacb,
474 3423 585 3482 Cuvier,
602 3425 634 3474 de
653 3424 782 3473 Blsinvtlle
798 3430 824 3472 et
844 3424 865 3471 la
884 3424 984 3485 ptupart
1001 3422 1046 3470 des
1063 3421 1155 3483 grands
1172 3420 1337 3470 naturalistes
1354 3425 1401 3469 ont

267 3504 342 3554 etabti
360 3504 422 3567 qu’it
438 3505 478 3568 n'y
495 3518 509 3554 a
528 3507 623 3568 qu'une
641 3507 710 3556 seule
730 3506 819 3568 espace
838 3506 900 3555 daris
924 3506 946 3553 te
971 3515 1049 3566 genre
1067 3503 1178 3552 bomaio.
1198 3502 1230 3551 lls
1250 3516 1277 3552 se
1297 3502 1402 3552 tondent

267 3578 485 3648 principalement,
503 3588 566 3637 ainsi
577 3589 651 3652 qn'on
670 3589 693 3637 te
709 3588 752 3638 tait
765 3601 829 3650 pour
845 3589 881 3637 tes
892 3594 979 3637 autres
993 3598 1102 3648 groupes
1115 3587 1161 3636 des
1174 3585 1242 3635 atres
1260 3584 1399 3648 organistis,

255 3680 312 3715 ‚sur
324 3667 347 3716 la
363 3669 501 3729 possibilite
512 3670 589 3719 d'une
603 3669 728 3722 secondite'
744 3671 865 3720 continue
882 3677 955 3719 entre
982 3670 1019 3717 les
1042 3668 1167 3718 individns
1192 3669 1236 3718 des
1254 3666 1402 3718 differentes

268 3761 345 3799 races.
365 3749 402 3799 On
421 3764 453 3799 na
470 3750 611 3800 s'etonnera
630 3752 700 3813 point
718 3765 768 3816 que
787 3753 823 3800 tes
840 3751 1026 3814 ethnographes
1047 3749 1142 3799 n'aient
1160 3762 1204 3810 pas
1223 3751 1341 3812 toujours
1358 3749 1401 3800 e'te'

268 3830 381 3881 d'acoord
401 3845 445 3881 sur
464 3837 532 3882 cette
552 3845 627 3894 grave
649 3833 767 3895 question
783 3835 815 3882 de
834 3833 922 3882 t'uotte
940 3832 972 3882 de
988 3831 1095 3893 l’espeee
1110 3832 1239 3892 humaine,
1263 3832 1285 3881 si
1302 3832 1351 3881 t'on
1372 3846 1401 3882 se

270 3912 381 3973 reppelle
395 3924 454 3961 avec
469 3912 554 3975 quelle
576 3913 728 3963 incertitudo
750 3914 859 3964 certatus
877 3912 1037 3963 naturalistes
1055 3912 1190 3974 procedent
1209 3919 1317 3962 souvent
1339 3912 1402 3961 dans

268 3994 307 4042 les
321 3994 451 4056 questions
466 3995 497 4044 de
508 3995 676 4056 specification
689 4032 695 4055 ,
710 3996 776 4046 alors
791 3996 874 4046 meme
885 3997 948 4059 qu'il
962 3995 1035 4058 s'agit
1050 3996 1095 4044 des
1105 3996 1222 4045 animaux
1233 3995 1294 4044 dont
1306 3994 1403 4043 l'etude

269 4075 334 4124 ultre
349 4076 374 4125 le
395 4078 476 4126 moins
494 4079 527 4126 de
542 4077 682 4130 difficultas.
714 4089 729 4124 o¹
746 4079 841 4130 Eodem
864 4091 939 4128 sensu
956 4076 1070 4141 loquitur
1089 4077 1119 4126 1).
1141 4077 1178 4126 Ite
1195 4074 1358 4138 Quatrefages
1375 4076 1403 4124 tn

270 4159 333 4209 libro
351 4173 357 4207 :
373 4160 406 4210 Do
418 4145 796 4225 t'uoittctet'eapeceltumuinc.
813 4163 892 4222 Paris,
905 4162 977 4211 1861.

303 4239 338 4304 (2)
355 4241 412 4292 vid.
426 4242 484 4293 Em.
503 4243 576 4293 Card.
595 4243 734 4304 Wiseman,
747 4243 872 4295 Discours
888 4257 936 4294 sur
955 4245 990 4294 les
1009 4249 1135 4310 rapports
1151 4248 1223 4293 entre
1242 4243 1277 4293 les
1291 4243 1403 4292 arieneos

272 4329 296 4373 et
309 4324 335 4374 to
345 4324 636 4390 rattpiooreoettemisc.
652 4327 663 4374 1
683 4334 708 4376 et
718 4326 742 4376 ⁶2.
