3132 4964
396 34 791 311 rara·

577 234 587 271 l

264 311 307 375 84
493 212 693 384 rnrodrnucrro
709 327 857 371 srnernnrs
872 330 906 371 m
922 330 947 372 s.
968 328 1170 378 soanrunarr.

264 451 352 515 rege,
367 431 463 494 Dario
476 426 673 507 Codomano.
688 426 750 490 Sed
763 427 932 493 difficultas
945 432 1033 495 nulla
1047 441 1109 530 est,¹
1122 452 1196 496 nam
1209 433 1402 498 sanaballat

264 530 433 595 Horonites
448 530 491 595 ab
509 550 546 592 eo
564 528 731 593 distinctus
751 539 797 592 est
814 528 855 593 de
872 552 937 615 quo
954 531 1112 617 Josephus
1128 535 1204 618 agit.

210 671 218 700 t
308 633 340 697 5.
359 636 479 718 lingua
498 645 526 696 et
546 633 657 720 fontes·
684 632 805 716 Lingua
830 633 982 698 hebraica
1007 645 1065 699 est.
1092 634 1264 702 Chaldaioe
1287 647 1402 702 tamen

265 744 393 799 exarata
410 745 569 820 suntque
585 731 745 799 hab'entur
761 737 779 797 1
793 736 887 799 Eadr.
907 736 948 802 IV
954 786 962 819 ,
975 738 1016 820 73
1036 737 1092 822 VI,
1108 740 1166 823 183
1181 739 1253 822 VII,
1277 742 1399 805 12-26.

264 840 379 903 Fontes
392 849 499 903 autem
512 861 551 902 er
564 838 680 924 quihus
688 837 809 902 'Esdras
821 849 852 902 et
863 840 890 902 N
893 840 1033 922 ehemias
1049 841 1211 906 scribendi
1227 845 1401 908 materiam
1417 878 1420 881 ·

264 941 509 1027 desumpserunt
524 943 557 1005 in
570 943 645 1026 ipsis
657 941 746 1006 libris
759 941 951 1007 indicantur.
966 943 1045 1007 Sunt
1060 965 1157 1029 porro
1174 941 1263 1008 varia
1280 966 1399 1029 regum
1411 952 1432 978 “·

264 1045 435 1109 Persarum
446 1043 551 1108 edicta
566 1054 598 1107 et
610 1044 673 1107 alia
690 1042 882 1108 documenta
898 1043 940 1109 ad
956 1045 1153 1110 familiarum
1173 1048 1399 1132 genealogiam
1450 1087 1453 1097 ,

264 1147 466 1232 pertinentia3
487 1148 595 1231 plures
614 1148 900 1226 etiamnarrantur
917 1157 1050 1211 eventus
1063 1169 1216 1235 quorum·
1229 1148 1346 1214 Esdras
1365 1160 1399 1213 ot

263 1250 433 1315 Nehemia's
449 1260 542 1314 testes
559 1252 611 1315 vel
629 1260 758 1335 agentes
775 1251 926 1336 praecipui
940 1252 1081 1316 fuerunt.
1100 1236 1183 1317 Hinc
1199 1262 1285 1338 patet
1305 1254 1397 1317 veri·
1488 1304 1490 1313 .

264 1364 328 1418 tate
344 1354 494 1418 historica
510 1355 566 1417 niti
583 1353 681 1418 libros
696 1353 804 1418 Esdrae
822 1364 853 1418 et
865 1351 1054 1471 Nehemiaffl

689 1773 855 1853 orror
885 1773 973 1852 ur.
1013 1752 1014 1755 ’

649 2041 687 2083 nn
710 2033 798 2092 ornan
823 2041 921 2083 rorum
944 2018 1006 2106 (1)

308 2238 340 2302 l.
359 2240 593 2325 Argumentum.
617 2238 712 2302 Liber
734 2237 839 2301 Tobiae
859 2239 942 2302 inter
965 2237 1270 2307 deuterooanonioos
1300 2251 1394 2305 rete-

216 2358 219 2365 ’
263 2344 306 2406 ris
329 2343 468 2406 Foederis
491 2343 632 2427 primum
657 2342 763 2404 locum
781 2351 926 2426 occupat.
949 2342 1120 2415 Historiam
1135 2365 1231 2429 porro
1252 2345 1395 2409 continet

263 2433 427 2530 utriusque
448 2444 565 2526 Tobiae,
589 2446 684 2528 patris
709 2445 828 2507 scilicet
850 2443 982 2530 ejusque
1007 2445 1075 2509 filii.
1095 2447 1221 2531 Tobias,
1241 2469 1280 2511 ex
1305 2448 1393 2513 tribu

263 2547 447 2633 Nephthali,
461 2546 521 2611 sub
533 2547 756 2610 Salmanasare
769 2547 912 2631 captivus
926 2548 959 2609 in
971 2547 1132 2634 Assyriam
1147 2549 1272 2632 ductus,
1286 2549 1393 2634 beno-

263 2650 359 2714 fioum
385 2672 417 2713 se
441 2650 583 2735 praestitit
606 2650 638 2711 in
662 2646 789 2713 Judaeos
808 2649 852 2712 ibi
876 2648 1028 2735 captivos,
1046 2653 1220 2735 praesertim
1234 2672 1294 2736 per
1318 2673 1393 2715 suas

263 2753 480 2837 eleemosynas
496 2773 632 2837 suasque
651 2753 682 2814 in
699 2751 888 2836 sepeliendis
903 2751 1062 2831 defunctis
1078 2775 1181 2818 ouras.
1204 2754 1273 2835 Qua
1291 2775 1393 2818 occa·
1461 2772 1467 2781 ¹

264 2856 351 2920 sione
380 2865 412 2919 et
440 2855 532 2920 bonis
554 2856 706 2939 spoliatus
726 2864 756 2918 et
780 2856 901 2920 lumine
924 2835 1092 2921 oculorum
1114 2859 1243 2922 fortuito
1260 2856 1394 2921 orbatus

263 2969 433 3044 utramque
445 2958 660 3022 calamitatem
673 2959 830 3042 patienter
842 2960 913 3022 tulit
928 2957 1046 3045 (I-III).
1063 2960 1169 3041 Quum
1185 2981 1281 3045 porro
1301 2979 1392 3022 mor-

265 3071 327 3125 tem
353 3061 412 3126 sibi
436 3063 551 3124 instare
573 3069 710 3144 putaret,
728 3059 794 3124 filio
809 3061 925 3125 eximia
944 3062 1064 3125 monita
1082 3060 1171 3125 dedit
1195 3082 1333 3146 eumque
1355 3061 1392 3123 in

264 3166 378 3229 urbem
391 3167 496 3250 Rages
510 3165 605 3245 misit,
614 3173 649 3227 ut
661 3162 774 3227 decem
786 3165 909 3249 argenti
922 3166 1040 3228 talenta
1054 3163 1174 3230 Gabelo
1188 3165 1265 3228 olim
1277 3173 1390 3227 mutuo

264 3268 340 3333 data
356 3270 512 3353 reciperet
530 3266 613 3353 (IV).
631 3268 787 3346 Comitem
801 3270 955 3352 quaerenti
971 3269 1077 3332 Tobiae
1093 3269 1225 3353 angelus
1241 3268 1391 3351 Raphael

264 3374 297 3435 in
312 3371 450 3435 hominis
467 3371 570 3434 forma
590 3390 623 3432 se
636 3370 761 3452 obtulit3
785 3370 818 3432 in
834 3371 983 3435 comitem
996 3379 1175 3455 assumptus
1193 3369 1324 3434 Tobiam
1345 3369 1391 3434 ab

265 3474 397 3538 immani
411 3475 497 3558 pisce
513 3472 671 3536 liberavit.
691 3472 804 3535 lobias
819 3493 857 3535 ex
874 3473 1004 3536 oonsilio
1022 3473 1127 3557 angeli
1140 3458 1252 3534 Saram
1266 3462 1390 3555 eogna-

264 3588 330 3643 tam
343 3597 433 3640 suam
449 3577 482 3639 in
497 3576 736 3639 matrimonium
750 3574 840 3639 duxit
851 3584 893 3657 et,
909 3585 1040 3661 accepta
1058 3598 1078 3640 a
1102 3575 1223 3642 Gabelo
1237 3575 1387 3660 pecunia,

264 3703 359 3746 sanus
375 3679 417 3744 ad
433 3689 557 3764 patrem
570 3677 664 3741 rediit
678 3703 686 3759 ;
708 3678 798 3764 eujus
812 3681 920 3743 oculos
937 3680 1038 3743 linivit
1062 3680 1137 3742 felle
1153 3679 1247 3763 piscis
1269 3676 1312 3741 ah
1328 3699 1390 3740 an·
1507 3707 1511 3714 ·

263 3785 335 3869 gelo
352 3791 476 3847 servato
497 3789 527 3844 ot
547 3782 652 3844 statim
668 3790 759 3865 pater
782 3782 885 3846 visum
909 3783 1039 3867 recepit.
1060 3783 1148 3846 Tunc
1172 3790 1236 3844 tota
1251 3780 1388 3862 familia,

263 3887 355 3951 bonis
368 3887 541 3967 cumulata,
555 3882 718 3948 benedixit
729 3884 844 3948 Deum.
860 3883 1001 3969 Angelus
1013 3894 1120 3949 autom
1138 3883 1305 3948 declarans
1317 3883 1391 3967 quis
1443 3883 1447 3889 '

263 3992 330 4075 ipse
349 3998 429 4053 esset
456 3989 489 4051 in
510 3987 625 4052 eoelum
649 4008 682 4050 se
708 3988 828 4071 recepit
853 3986 1012 4073 (tt-xlv).
1036 3987 1111 4051 Hae
1131 3987 1238 4052 Tobiae
1257 3986 1390 4050 historia

297 4191 332 4256 (l)
347 4189 398 4242 cfr.
415 4191 485 4241 Bible
499 4191 531 4241 de
544 4190 636 4250 Verre,
649 4189 757 4253 Presaoe
771 4187 851 4238 sorta
865 4187 929 4238 tiore
944 4188 975 4238 de
989 4186 1079 4250 Tetri&
1096 4188 1225 4265 Vincerat,
1240 4188 1326 4240 Sessio
1337 4188 1386 4241 IV.

262 4273 354 4325 concil.
369 4274 440 4325 Trtd.
454 4273 596 4335 vindicato,
609 4280 674 4336 part.
687 4269 729 4332 lll,
738 4271 770 4322 cte
781 4269 847 4321 libro
861 4268 954 4331 Tortor
964 4269 1073 4332 Reuseh,
1086 4269 1140 4322 Das
1150 4269 1220 4322 Buclt
1237 4267 1336 4331 rotro,
1361 4276 1390 4321 et

262 4354 307 4406 lib.
325 4353 405 4405 'tobit
422 4353 547 4419 Friborgt
561 4352 625 4404 1857
641 4359 668 4404 et
683 4352 755 4403 1870.
