<?xml version="1.0" encoding="UTF-8"?>
<!DOCTYPE html PUBLIC "-//W3C//DTD XHTML 1.0 Transitional//EN"
    "http://www.w3.org/TR/xhtml1/DTD/xhtml1-transitional.dtd">
<html xmlns="http://www.w3.org/1999/xhtml" xml:lang="en" lang="en">
 <head>
  <title>
</title>
<meta http-equiv="Content-Type" content="text/html;charset=utf-8" />
  <meta name='ocr-system' content='tesseract 3.04.00' />
  <meta name='ocr-capabilities' content='ocr_page ocr_carea ocr_par ocr_line ocrx_word'/>
</head>
<body>
  <div class='ocr_page' id='page_1' title='image "./introductioinsa00lamygoog/introductioinsa00lamygoog_0295.png"; bbox 0 0 3168 4948; ppageno 0'>
   <div class='ocr_carea' id='block_1_1' title="bbox 91 228 1379 451">
    <p class='ocr_par' dir='ltr' id='par_1_1' title="bbox 91 228 1379 451">
     <span class='ocr_line' id='line_1_1' title="bbox 101 228 1141 317; baseline -0.005 -20"><span class='ocrx_word' id='word_1_1' title='bbox 101 228 132 317; x_wconf 56' lang='lat' dir='ltr'><em>J</em></span> <span class='ocrx_word' id='word_1_2' title='bbox 247 233 311 297; x_wconf 70' lang='lat'><strong>288</strong></span> <span class='ocrx_word' id='word_1_3' title='bbox 478 246 768 303; x_wconf 79' lang='lat' dir='ltr'><strong>mraouuonosrucr</strong></span> <span class='ocrx_word' id='word_1_4' title='bbox 802 247 885 307; x_wconf 51' lang='lat' dir='ltr'><strong>,sm</strong></span> <span class='ocrx_word' id='word_1_5' title='bbox 900 248 927 293; x_wconf 88' lang='lat' dir='ltr'><strong>s.</strong></span> <span class='ocrx_word' id='word_1_6' title='bbox 942 247 1141 297; x_wconf 70' lang='lat' dir='ltr'><strong>marcennae.</strong></span> 
     </span>
     <span class='ocr_line' id='line_1_2' title="bbox 91 247 1379 451; baseline -0.003 -38"><span class='ocrx_word' id='word_1_7' title='bbox 91 334 118 433; x_wconf 60' lang='lat' dir='ltr'><strong>*J</strong></span> <span class='ocrx_word' id='word_1_8' title='bbox 249 351 302 415; x_wconf 85' lang='lat' dir='ltr'><strong>bns</strong></span> <span class='ocrx_word' id='word_1_9' title='bbox 314 346 496 434; x_wconf 80' lang='lat' dir='ltr'><strong>apostolicis,</strong></span> <span class='ocrx_word' id='word_1_10' title='bbox 514 346 545 409; x_wconf 91' lang='lat' dir='ltr'><strong>in</strong></span> <span class='ocrx_word' id='word_1_11' title='bbox 560 345 698 451; x_wconf 44' lang='grc' dir='ltr'><strong>ὂψ</strong></span> <span class='ocrx_word' id='word_1_12' title='bbox 709 247 926 410; x_wconf 48' lang='lat' dir='ltr'><strong>Antidamae</strong></span> <span class='ocrx_word' id='word_1_13' title='bbox 945 345 1006 432; x_wconf 85' lang='lat' dir='ltr'><strong>(l).</strong></span> <span class='ocrx_word' id='word_1_14' title='bbox 1029 346 1179 410; x_wconf 79' lang='lat' dir='ltr'><strong>Similiter</strong></span> <span class='ocrx_word' id='word_1_15' title='bbox 1196 367 1268 410; x_wconf 90' lang='lat' dir='ltr'><strong>eam</strong></span> <span class='ocrx_word' id='word_1_16' title='bbox 1286 345 1379 412; x_wconf 89' lang='lat' dir='ltr'><strong>rcci-</strong></span> 
     </span>
    </p>
   </div>
   <div class='ocr_carea' id='block_1_2' title="bbox 731 422 917 443">
    <p class='ocr_par' dir='ltr' id='par_1_2' title="bbox 731 422 917 443">
     <span class='ocr_line' id='line_1_3' title="bbox 731 422 917 443; baseline -0.005 -4"><span class='ocrx_word' id='word_1_17' title='bbox 731 422 917 443; x_wconf 55' lang='grc' dir='ltr'><strong><em>Μ</em></strong></span> 
     </span>
    </p>
   </div>
   <div class='ocr_carea' id='block_1_3' title="bbox 249 446 1381 540">
    <p class='ocr_par' dir='ltr' id='par_1_3' title="bbox 249 446 1381 540">
     <span class='ocr_line' id='line_1_4' title="bbox 249 446 1381 540; baseline -0.004 -25"><span class='ocrx_word' id='word_1_18' title='bbox 249 454 341 537; x_wconf 89' lang='lat' dir='ltr'><strong>piunt</strong></span> <span class='ocrx_word' id='word_1_19' title='bbox 363 446 951 540; x_wconf 46' lang='lat' dir='ltr'><strong>Qfflffleffifflmms</strong></span> <span class='ocrx_word' id='word_1_20' title='bbox 971 449 1019 535; x_wconf 74' lang='lat'><strong>(2)</strong></span> <span class='ocrx_word' id='word_1_21' title='bbox 1043 449 1099 534; x_wconf 91' lang='lat' dir='ltr'><strong>qui</strong></span> <span class='ocrx_word' id='word_1_22' title='bbox 1124 458 1255 513; x_wconf 86' lang='lat' dir='ltr'><strong>testatur</strong></span> <span class='ocrx_word' id='word_1_23' title='bbox 1274 470 1282 511; x_wconf 75' lang='grc' dir='ltr'><strong>ε</strong></span> <span class='ocrx_word' id='word_1_24' title='bbox 1304 473 1318 507; x_wconf 86' lang='lat' dir='ltr'><strong>n</strong></span> <span class='ocrx_word' id='word_1_25' title='bbox 1340 449 1381 511; x_wconf 89' lang='lat' dir='ltr'><strong>In</strong></span> 
     </span>
    </p>
   </div>
   <div class='ocr_carea' id='block_1_4' title="bbox 45 549 1491 2072">
    <p class='ocr_par' dir='ltr' id='par_1_4' title="bbox 250 549 1382 639">
     <span class='ocr_line' id='line_1_5' title="bbox 250 549 1382 639; baseline -0.003 -20"><span class='ocrx_word' id='word_1_26' title='bbox 250 553 423 639; x_wconf 84' lang='lat' dir='ltr'><strong>Evangelio</strong></span> <span class='ocrx_word' id='word_1_27' title='bbox 442 549 619 630; x_wconf 87' lang='lat' dir='ltr'><strong>secundum</strong></span> <span class='ocrx_word' id='word_1_28' title='bbox 641 550 813 633; x_wconf 78' lang='lat' dir='ltr'><strong>loannem,</strong></span> <span class='ocrx_word' id='word_1_29' title='bbox 841 551 873 614; x_wconf 90' lang='lat' dir='ltr'><strong>in</strong></span> <span class='ocrx_word' id='word_1_30' title='bbox 889 552 997 615; x_wconf 89' lang='lat' dir='ltr'><strong>multis</strong></span> <span class='ocrx_word' id='word_1_31' title='bbox 1016 552 1126 638; x_wconf 77' lang='lat' dir='ltr'><strong>grecis</strong></span> <span class='ocrx_word' id='word_1_32' title='bbox 1146 561 1178 616; x_wconf 90' lang='lat' dir='ltr'><strong>et</strong></span> <span class='ocrx_word' id='word_1_33' title='bbox 1192 552 1298 616; x_wconf 87' lang='lat' dir='ltr'><strong>latinis</strong></span> <span class='ocrx_word' id='word_1_34' title='bbox 1319 573 1382 617; x_wconf 90' lang='lat' dir='ltr'><strong>co-</strong></span> 
     </span>
    </p>

    <p class='ocr_par' dir='ltr' id='par_1_5' title="bbox 45 624 1380 747">
     <span class='ocr_line' id='line_1_6' title="bbox 45 624 1380 747; baseline -0.003 -26"><span class='ocrx_word' id='word_1_35' title='bbox 45 650 95 739; x_wconf 64' lang='lat' dir='ltr'><strong>z}</strong></span> <span class='ocrx_word' id='word_1_36' title='bbox 118 664 146 747; x_wconf 72' lang='lat' dir='ltr'><strong>¹J</strong></span> <span class='ocrx_word' id='word_1_37' title='bbox 161 624 240 745; x_wconf 56' lang='lat' dir='ltr'><strong>‘gd</strong></span> <span class='ocrx_word' id='word_1_38' title='bbox 252 655 377 721; x_wconf 89' lang='lat' dir='ltr'><strong>dicibus</strong></span> <span class='ocrx_word' id='word_1_39' title='bbox 401 656 536 719; x_wconf 84' lang='lat' dir='ltr'><strong>inveniri</strong></span> <span class='ocrx_word' id='word_1_40' title='bbox 562 652 603 717; x_wconf 90' lang='lat' dir='ltr'><strong>de</strong></span> <span class='ocrx_word' id='word_1_41' title='bbox 630 654 764 718; x_wconf 88' lang='lat' dir='ltr'><strong>muliere</strong></span> <span class='ocrx_word' id='word_1_42' title='bbox 788 651 947 737; x_wconf 89' lang='lat' dir='ltr'><strong>adultera,</strong></span> <span class='ocrx_word' id='word_1_43' title='bbox 966 676 1037 741; x_wconf 86' lang='lat' dir='ltr'><strong>quae</strong></span> <span class='ocrx_word' id='word_1_44' title='bbox 1050 664 1199 719; x_wconf 86' lang='lat' dir='ltr'><strong>accusata</strong></span> <span class='ocrx_word' id='word_1_45' title='bbox 1221 663 1268 719; x_wconf 92' lang='lat' dir='ltr'><strong>est</strong></span> <span class='ocrx_word' id='word_1_46' title='bbox 1289 652 1380 739; x_wconf 89' lang='lat' dir='ltr'><strong>apud</strong></span> 
     </span>
    </p>

    <p class='ocr_par' dir='ltr' id='par_1_6' title="bbox 77 738 1381 844">
     <span class='ocr_line' id='line_1_7' title="bbox 77 738 1381 844; baseline -0.003 -21"><span class='ocrx_word' id='word_1_47' title='bbox 77 738 118 762; x_wconf 43' lang='grc' dir='ltr'>Ἠ</span> <span class='ocrx_word' id='word_1_48' title='bbox 251 760 435 831; x_wconf 87' lang='lat' dir='ltr'><strong>Dominum.</strong></span> <span class='ocrx_word' id='word_1_49' title='bbox 453 783 468 819; x_wconf 87' lang='lat'>»</span> <span class='ocrx_word' id='word_1_50' title='bbox 486 757 518 820; x_wconf 87' lang='lat' dir='ltr'><strong>S.</strong></span> <span class='ocrx_word' id='word_1_51' title='bbox 537 757 732 844; x_wconf 47' lang='grc' dir='ltr'><strong>ΛΜΨ</strong></span> <span class='ocrx_word' id='word_1_52' title='bbox 747 755 796 841; x_wconf 77' lang='grc'><strong>(5)</strong></span> <span class='ocrx_word' id='word_1_53' title='bbox 814 758 918 840; x_wconf 87' lang='lat' dir='ltr'><strong>aperit</strong></span> <span class='ocrx_word' id='word_1_54' title='bbox 942 777 1071 821; x_wconf 87' lang='lat' dir='ltr'><strong>causam</strong></span> <span class='ocrx_word' id='word_1_55' title='bbox 1096 779 1154 823; x_wconf 89' lang='lat' dir='ltr'><strong>cur</strong></span> <span class='ocrx_word' id='word_1_56' title='bbox 1175 779 1194 821; x_wconf 91' lang='lat' dir='ltr'><strong>a</strong></span> <span class='ocrx_word' id='word_1_57' title='bbox 1217 756 1381 821; x_wconf 90' lang='lat' dir='ltr'><strong>nonnullis</strong></span> 
     </span>
    </p>

    <p class='ocr_par' dir='ltr' id='par_1_7' title="bbox 251 857 1381 946">
     <span class='ocr_line' id='line_1_8' title="bbox 251 857 1381 946; baseline -0.004 -20"><span class='ocrx_word' id='word_1_58' title='bbox 251 858 413 926; x_wconf 86' lang='lat' dir='ltr'><strong>codicibus</strong></span> <span class='ocrx_word' id='word_1_59' title='bbox 440 859 554 925; x_wconf 86' lang='lat' dir='ltr'><strong>abrasa</strong></span> <span class='ocrx_word' id='word_1_60' title='bbox 578 859 684 922; x_wconf 88' lang='lat' dir='ltr'><strong>fuerit.</strong></span> <span class='ocrx_word' id='word_1_61' title='bbox 706 881 721 916; x_wconf 89' lang='lat'>«</span> <span class='ocrx_word' id='word_1_62' title='bbox 748 857 912 943; x_wconf 87' lang='lat' dir='ltr'><strong>Nonnulli,</strong></span> <span class='ocrx_word' id='word_1_63' title='bbox 941 860 1055 946; x_wconf 89' lang='lat' dir='ltr'><strong>inquit,</strong></span> <span class='ocrx_word' id='word_1_64' title='bbox 1082 857 1178 924; x_wconf 89' lang='lat' dir='ltr'><strong>credo</strong></span> <span class='ocrx_word' id='word_1_65' title='bbox 1201 867 1381 922; x_wconf 77' lang='lat' dir='ltr'><strong>metuentes</strong></span> 
     </span>
    </p>

    <p class='ocr_par' dir='ltr' id='par_1_8' title="bbox 59 951 1382 1059">
     <span class='ocr_line' id='line_1_9' title="bbox 59 951 1382 1059; baseline -0.003 -31"><span class='ocrx_word' id='word_1_66' title='bbox 59 951 83 1059; x_wconf 48' lang='grc' dir='ltr'>ᾇ</span> <span class='ocrx_word' id='word_1_67' title='bbox 250 961 404 1049; x_wconf 90' lang='lat' dir='ltr'><strong>peccandi</strong></span> <span class='ocrx_word' id='word_1_68' title='bbox 417 963 640 1049; x_wconf 78' lang='lat' dir='ltr'><strong>impunitatem</strong></span> <span class='ocrx_word' id='word_1_69' title='bbox 655 958 725 1024; x_wconf 87' lang='lat' dir='ltr'><strong>dari</strong></span> <span class='ocrx_word' id='word_1_70' title='bbox 738 960 926 1025; x_wconf 92' lang='lat' dir='ltr'><strong>mulieribus</strong></span> <span class='ocrx_word' id='word_1_71' title='bbox 938 963 1013 1045; x_wconf 91' lang='lat' dir='ltr'><strong>suis,</strong></span> <span class='ocrx_word' id='word_1_72' title='bbox 1028 960 1109 1026; x_wconf 92' lang='lat' dir='ltr'><strong>illud</strong></span> <span class='ocrx_word' id='word_1_73' title='bbox 1125 960 1213 1048; x_wconf 89' lang='lat' dir='ltr'><strong>quod</strong></span> <span class='ocrx_word' id='word_1_74' title='bbox 1227 960 1269 1025; x_wconf 90' lang='lat' dir='ltr'><strong>de</strong></span> <span class='ocrx_word' id='word_1_75' title='bbox 1282 959 1382 1025; x_wconf 88' lang='lat' dir='ltr'><strong>adul-</strong></span> 
     </span>
    </p>

    <p class='ocr_par' dir='ltr' id='par_1_9' title="bbox 251 1052 1379 1151">
     <span class='ocr_line' id='line_1_10' title="bbox 251 1052 1379 1151; baseline 0 -23"><span class='ocrx_word' id='word_1_76' title='bbox 251 1075 326 1130; x_wconf 72' lang='lat' dir='ltr'><strong>terat</strong></span> <span class='ocrx_word' id='word_1_77' title='bbox 347 1052 544 1151; x_wconf 70' lang='lat' dir='ltr'><strong>indulgentie</strong></span> <span class='ocrx_word' id='word_1_78' title='bbox 564 1065 722 1133; x_wconf 75' lang='lat' dir='ltr'><strong>,Dominus</strong></span> <span class='ocrx_word' id='word_1_79' title='bbox 738 1063 813 1127; x_wconf 83' lang='lat' dir='ltr'><strong>fecit</strong></span> <span class='ocrx_word' id='word_1_80' title='bbox 827 1062 1028 1128; x_wconf 87' lang='lat' dir='ltr'><strong>abstulerunt</strong></span> <span class='ocrx_word' id='word_1_81' title='bbox 1041 1062 1082 1128; x_wconf 91' lang='lat' dir='ltr'><strong>de</strong></span> <span class='ocrx_word' id='word_1_82' title='bbox 1104 1062 1267 1128; x_wconf 83' lang='lat' dir='ltr'><strong>codicibus</strong></span> <span class='ocrx_word' id='word_1_83' title='bbox 1288 1065 1354 1128; x_wconf 91' lang='lat' dir='ltr'><strong>suis</strong></span> <span class='ocrx_word' id='word_1_84' title='bbox 1369 1088 1379 1144; x_wconf 92' lang='lat'>;</span> 
     </span>
    </p>

    <p class='ocr_par' dir='ltr' id='par_1_10' title="bbox 253 1163 1381 1253">
     <span class='ocr_line' id='line_1_11' title="bbox 253 1163 1381 1253; baseline 0 -23"><span class='ocrx_word' id='word_1_85' title='bbox 253 1169 344 1253; x_wconf 90' lang='lat' dir='ltr'><strong>quasi</strong></span> <span class='ocrx_word' id='word_1_86' title='bbox 361 1167 603 1252; x_wconf 85' lang='lat' dir='ltr'><strong>permissionem</strong></span> <span class='ocrx_word' id='word_1_87' title='bbox 627 1163 781 1251; x_wconf 88' lang='lat' dir='ltr'><strong>peccandi</strong></span> <span class='ocrx_word' id='word_1_88' title='bbox 797 1164 942 1230; x_wconf 90' lang='lat' dir='ltr'><strong>tribuerit</strong></span> <span class='ocrx_word' id='word_1_89' title='bbox 962 1168 1017 1252; x_wconf 92' lang='lat' dir='ltr'><strong>qui</strong></span> <span class='ocrx_word' id='word_1_90' title='bbox 1043 1164 1133 1249; x_wconf 84' lang='lat' dir='ltr'><strong>dixit,</strong></span> <span class='ocrx_word' id='word_1_91' title='bbox 1144 1169 1214 1251; x_wconf 84' lang='lat' dir='ltr'><strong>jem</strong></span> <span class='ocrx_word' id='word_1_92' title='bbox 1240 1168 1381 1251; x_wconf 75' lang='lat' dir='ltr'><strong>deinceps</strong></span> 
     </span>
    </p>

    <p class='ocr_par' dir='ltr' id='par_1_11' title="bbox 201 1264 1382 1361">
     <span class='ocr_line' id='line_1_12' title="bbox 201 1264 1382 1361; baseline -0.001 -30"><span class='ocrx_word' id='word_1_93' title='bbox 201 1268 318 1361; x_wconf 50' lang='lat' dir='ltr'><strong>t-nole&#39;</strong></span> <span class='ocrx_word' id='word_1_94' title='bbox 337 1291 459 1354; x_wconf 87' lang='lat' dir='ltr'><strong>peecare</strong></span> <span class='ocrx_word' id='word_1_95' title='bbox 468 1292 483 1348; x_wconf 88' lang='lat'><strong>,·</strong></span> <span class='ocrx_word' id='word_1_96' title='bbox 501 1277 555 1332; x_wconf 83' lang='lat' dir='ltr'><strong>ant</strong></span> <span class='ocrx_word' id='word_1_97' title='bbox 571 1266 643 1331; x_wconf 90' lang='lat' dir='ltr'><strong>ideo</strong></span> <span class='ocrx_word' id='word_1_98' title='bbox 662 1288 727 1330; x_wconf 91' lang='lat' dir='ltr'><strong>non</strong></span> <span class='ocrx_word' id='word_1_99' title='bbox 740 1264 888 1330; x_wconf 82' lang='lat' dir='ltr'><strong>debuerit</strong></span> <span class='ocrx_word' id='word_1_100' title='bbox 903 1267 1020 1331; x_wconf 85' lang='lat' dir='ltr'><strong>mulier</strong></span> <span class='ocrx_word' id='word_1_101' title='bbox 1037 1266 1195 1333; x_wconf 85' lang='lat' dir='ltr'><strong>amedico</strong></span> <span class='ocrx_word' id='word_1_102' title='bbox 1213 1269 1279 1332; x_wconf 88' lang='lat' dir='ltr'><strong>Deo</strong></span> <span class='ocrx_word' id='word_1_103' title='bbox 1293 1268 1382 1332; x_wconf 88' lang='lat' dir='ltr'><strong>illius</strong></span> 
     </span>
    </p>

    <p class='ocr_par' dir='ltr' id='par_1_12' title="bbox 96 1368 1382 1576">
     <span class='ocr_line' id='line_1_13' title="bbox 96 1368 1382 1456; baseline -0.001 -21"><span class='ocrx_word' id='word_1_104' title='bbox 96 1383 139 1452; x_wconf 65' lang='grc' dir='ltr'><strong>,ζ</strong></span> <span class='ocrx_word' id='word_1_105' title='bbox 253 1372 376 1456; x_wconf 87' lang='lat' dir='ltr'><strong>peccati</strong></span> <span class='ocrx_word' id='word_1_106' title='bbox 393 1371 579 1435; x_wconf 84' lang='lat' dir='ltr'><strong>remissione</strong></span> <span class='ocrx_word' id='word_1_107' title='bbox 594 1370 712 1451; x_wconf 88' lang='lat' dir='ltr'><strong>sanari,</strong></span> <span class='ocrx_word' id='word_1_108' title='bbox 729 1390 769 1432; x_wconf 90' lang='lat' dir='ltr'><strong>nc</strong></span> <span class='ocrx_word' id='word_1_109' title='bbox 785 1368 1024 1435; x_wconf 84' lang='lat' dir='ltr'><strong>offenderentur</strong></span> <span class='ocrx_word' id='word_1_110' title='bbox 1039 1372 1118 1436; x_wconf 79' lang='lat' dir='ltr'><strong>sani.</strong></span> <span class='ocrx_word' id='word_1_111' title='bbox 1141 1398 1155 1432; x_wconf 76' lang='lat' dir='ltr'><strong>n</strong></span> <span class='ocrx_word' id='word_1_112' title='bbox 1172 1369 1265 1436; x_wconf 81' lang='lat' dir='ltr'><strong>Adde</strong></span> <span class='ocrx_word' id='word_1_113' title='bbox 1288 1371 1382 1435; x_wconf 89' lang='lat' dir='ltr'><strong>testi-</strong></span> 
     </span>
     <span class='ocr_line' id='line_1_14' title="bbox 99 1456 1246 1576; baseline 0.004 -40"><span class='ocrx_word' id='word_1_114' title='bbox 99 1456 179 1576; x_wconf 36' lang='grc' dir='ltr'><strong>’ἶχ</strong></span> <span class='ocrx_word' id='word_1_115' title='bbox 253 1474 361 1537; x_wconf 89' lang='lat' dir='ltr'><strong>monia</strong></span> <span class='ocrx_word' id='word_1_116' title='bbox 373 1472 506 1556; x_wconf 90' lang='lat' dir='ltr'><strong>Sedulii,</strong></span> <span class='ocrx_word' id='word_1_117' title='bbox 525 1473 637 1538; x_wconf 85' lang='lat' dir='ltr'><strong>Leonis</strong></span> <span class='ocrx_word' id='word_1_118' title='bbox 650 1474 768 1556; x_wconf 81' lang='lat' dir='ltr'><strong>Magni,</strong></span> <span class='ocrx_word' id='word_1_119' title='bbox 787 1472 982 1559; x_wconf 80' lang='lat' dir='ltr'><strong>Chrysologi,</strong></span> <span class='ocrx_word' id='word_1_120' title='bbox 998 1474 1198 1560; x_wconf 87' lang='lat' dir='ltr'><strong>Cassiodori(</strong></span> <span class='ocrx_word' id='word_1_121' title='bbox 1222 1475 1246 1560; x_wconf 91' lang='lat'><em>)</em></span> 
     </span>
    </p>

    <p class='ocr_par' dir='ltr' id='par_1_13' title="bbox 298 1575 1491 1663">
     <span class='ocr_line' id='line_1_15' title="bbox 298 1575 1491 1663; baseline 0.002 -23"><span class='ocrx_word' id='word_1_122' title='bbox 298 1578 351 1641; x_wconf 75' lang='lat' dir='ltr'><strong>at.</strong></span> <span class='ocrx_word' id='word_1_123' title='bbox 370 1575 421 1641; x_wconf 83' lang='lat' dir='ltr'><strong>Ad</strong></span> <span class='ocrx_word' id='word_1_124' title='bbox 433 1578 543 1640; x_wconf 89' lang='lat' dir='ltr'><strong>Patres</strong></span> <span class='ocrx_word' id='word_1_125' title='bbox 559 1575 613 1651; x_wconf 83' lang='lat' dir='ltr'><strong>nui</strong></span> <span class='ocrx_word' id='word_1_126' title='bbox 627 1583 832 1660; x_wconf 89' lang='lat' dir='ltr'><strong>opponuntur</strong></span> <span class='ocrx_word' id='word_1_127' title='bbox 854 1575 1091 1655; x_wconf 81' lang='lat' dir='ltr'><strong>observandum</strong></span> <span class='ocrx_word' id='word_1_128' title='bbox 1112 1587 1159 1641; x_wconf 88' lang='lat' dir='ltr'><strong>est</strong></span> <span class='ocrx_word' id='word_1_129' title='bbox 1174 1576 1283 1642; x_wconf 82' lang='lat' dir='ltr'><strong>deesse</strong></span> <span class='ocrx_word' id='word_1_130' title='bbox 1303 1577 1384 1642; x_wconf 87' lang='lat' dir='ltr'><strong>Ori·</strong></span> <span class='ocrx_word' id='word_1_131' title='bbox 1487 1654 1491 1663; x_wconf 22' lang='grc' dir='ltr'>ι</span> 
     </span>
    </p>

    <p class='ocr_par' dir='ltr' id='par_1_14' title="bbox 97 1664 1384 1764">
     <span class='ocr_line' id='line_1_16' title="bbox 97 1664 1384 1764; baseline 0 -21"><span class='ocrx_word' id='word_1_132' title='bbox 97 1748 101 1759; x_wconf 46' lang='grc'>,</span> <span class='ocrx_word' id='word_1_133' title='bbox 127 1664 140 1687; x_wconf 43' lang='grc'><strong>’“</strong></span> <span class='ocrx_word' id='word_1_134' title='bbox 152 1694 174 1743; x_wconf 51' lang='lat'><strong>‘2</strong></span> <span class='ocrx_word' id='word_1_135' title='bbox 240 1714 243 1720; x_wconf 92' lang='lat'>·</span> <span class='ocrx_word' id='word_1_136' title='bbox 257 1680 346 1764; x_wconf 88' lang='lat' dir='ltr'><strong>genis</strong></span> <span class='ocrx_word' id='word_1_137' title='bbox 369 1691 481 1743; x_wconf 78' lang='lat' dir='ltr'><strong>tornum</strong></span> <span class='ocrx_word' id='word_1_138' title='bbox 503 1678 616 1743; x_wconf 87' lang='lat' dir='ltr'><em>XVIII</em></span> <span class='ocrx_word' id='word_1_139' title='bbox 627 1681 660 1740; x_wconf 85' lang='lat' dir='ltr'><strong>in</strong></span> <span class='ocrx_word' id='word_1_140' title='bbox 679 1680 772 1741; x_wconf 82' lang='lat' dir='ltr'><strong>Joan.</strong></span> <span class='ocrx_word' id='word_1_141' title='bbox 792 1678 824 1741; x_wconf 92' lang='lat' dir='ltr'><strong>in</strong></span> <span class='ocrx_word' id='word_1_142' title='bbox 840 1699 905 1763; x_wconf 90' lang='lat' dir='ltr'><strong>quo</strong></span> <span class='ocrx_word' id='word_1_143' title='bbox 920 1678 1052 1743; x_wconf 77' lang='lat' dir='ltr'><strong>fortasse</strong></span> <span class='ocrx_word' id='word_1_144' title='bbox 1071 1701 1176 1743; x_wconf 85' lang='lat' dir='ltr'><strong>sermo</strong></span> <span class='ocrx_word' id='word_1_145' title='bbox 1189 1678 1229 1745; x_wconf 94' lang='lat' dir='ltr'><strong>de</strong></span> <span class='ocrx_word' id='word_1_146' title='bbox 1245 1681 1384 1744; x_wconf 89' lang='lat' dir='ltr'><strong>muliere</strong></span> 
     </span>
    </p>

    <p class='ocr_par' dir='ltr' id='par_1_15' title="bbox 258 1780 1385 1872">
     <span class='ocr_line' id='line_1_17' title="bbox 258 1780 1385 1872; baseline 0.001 -27"><span class='ocrx_word' id='word_1_147' title='bbox 258 1780 402 1845; x_wconf 88' lang='lat' dir='ltr'><strong>adultera</strong></span> <span class='ocrx_word' id='word_1_148' title='bbox 422 1780 542 1864; x_wconf 90' lang='lat' dir='ltr'><strong>fiebat;</strong></span> <span class='ocrx_word' id='word_1_149' title='bbox 568 1801 643 1844; x_wconf 89' lang='lat' dir='ltr'><strong>nam</strong></span> <span class='ocrx_word' id='word_1_150' title='bbox 664 1790 768 1843; x_wconf 90' lang='lat' dir='ltr'><strong>tomus</strong></span> <span class='ocrx_word' id='word_1_151' title='bbox 782 1780 858 1843; x_wconf 87' lang='lat' dir='ltr'><strong>XIX</strong></span> <span class='ocrx_word' id='word_1_152' title='bbox 875 1782 985 1872; x_wconf 86' lang='lat' dir='ltr'><strong>incipit</strong></span> <span class='ocrx_word' id='word_1_153' title='bbox 1010 1780 1193 1846; x_wconf 86' lang='lat' dir='ltr'><strong>immediate</strong></span> <span class='ocrx_word' id='word_1_154' title='bbox 1211 1784 1385 1869; x_wconf 87' lang='lat' dir='ltr'><strong>posthanc</strong></span> 
     </span>
    </p>

    <p class='ocr_par' dir='ltr' id='par_1_16' title="bbox 257 1881 1386 1969">
     <span class='ocr_line' id='line_1_18' title="bbox 257 1881 1386 1969; baseline -0.001 -22"><span class='ocrx_word' id='word_1_155' title='bbox 257 1885 434 1949; x_wconf 82' lang='lat' dir='ltr'><strong>historiam.</strong></span> <span class='ocrx_word' id='word_1_156' title='bbox 455 1881 612 1947; x_wconf 92' lang='lat' dir='ltr'><strong>Theodori</strong></span> <span class='ocrx_word' id='word_1_157' title='bbox 632 1883 844 1966; x_wconf 88' lang='lat' dir='ltr'><strong>Mopsuesteni</strong></span> <span class='ocrx_word' id='word_1_158' title='bbox 869 1891 900 1945; x_wconf 90' lang='lat' dir='ltr'><strong>et</strong></span> <span class='ocrx_word' id='word_1_159' title='bbox 926 1882 1120 1968; x_wconf 79' lang='lat' dir='ltr'><strong>Apollinaris</strong></span> <span class='ocrx_word' id='word_1_160' title='bbox 1141 1902 1205 1969; x_wconf 85' lang='lat' dir='ltr'><strong>non</strong></span> <span class='ocrx_word' id='word_1_161' title='bbox 1225 1883 1386 1947; x_wconf 87' lang='lat' dir='ltr'><strong>habemus</strong></span> 
     </span>
    </p>

    <p class='ocr_par' dir='ltr' id='par_1_17' title="bbox 258 1984 1384 2072">
     <span class='ocr_line' id='line_1_19' title="bbox 258 1984 1384 2072; baseline -0.002 -21"><span class='ocrx_word' id='word_1_162' title='bbox 258 1988 380 2072; x_wconf 83' lang='lat' dir='ltr'><strong>integra</strong></span> <span class='ocrx_word' id='word_1_163' title='bbox 396 1985 636 2050; x_wconf 80' lang='lat' dir='ltr'><strong>commentaria.</strong></span> <span class='ocrx_word' id='word_1_164' title='bbox 653 1984 685 2047; x_wconf 85' lang='lat' dir='ltr'><strong>S.</strong></span> <span class='ocrx_word' id='word_1_165' title='bbox 701 1984 951 2070; x_wconf 72' lang='lat' dir='ltr'><strong>chrysostomus,</strong></span> <span class='ocrx_word' id='word_1_166' title='bbox 966 1984 1150 2072; x_wconf 68' lang='lat' dir='ltr'><strong>S.,Cyrillus</strong></span> <span class='ocrx_word' id='word_1_167' title='bbox 1164 1995 1195 2050; x_wconf 90' lang='lat' dir='ltr'><strong>et</strong></span> <span class='ocrx_word' id='word_1_168' title='bbox 1210 1986 1384 2070; x_wconf 84' lang='lat' dir='ltr'><strong>Theophy-</strong></span> 
     </span>
    </p>
   </div>
   <div class='ocr_carea' id='block_1_5' title="bbox 258 2086 1386 2507">
    <p class='ocr_par' dir='ltr' id='par_1_18' title="bbox 258 2086 1386 2507">
     <span class='ocr_line' id='line_1_20' title="bbox 260 2086 1385 2174; baseline 0.001 -22"><span class='ocrx_word' id='word_1_169' title='bbox 260 2092 359 2154; x_wconf 74' lang='lat' dir='ltr'><strong>lacteis</strong></span> <span class='ocrx_word' id='word_1_170' title='bbox 372 2087 412 2154; x_wconf 90' lang='lat' dir='ltr'><strong>de</strong></span> <span class='ocrx_word' id='word_1_171' title='bbox 424 2091 479 2153; x_wconf 94' lang='lat' dir='ltr'><strong>illo</strong></span> <span class='ocrx_word' id='word_1_172' title='bbox 493 2097 651 2153; x_wconf 89' lang='lat' dir='ltr'><strong>commate</strong></span> <span class='ocrx_word' id='word_1_173' title='bbox 663 2089 771 2171; x_wconf 89' lang='lat' dir='ltr'><strong>silent;</strong></span> <span class='ocrx_word' id='word_1_174' title='bbox 788 2086 869 2152; x_wconf 94' lang='lat' dir='ltr'><strong>illud</strong></span> <span class='ocrx_word' id='word_1_175' title='bbox 881 2086 1019 2152; x_wconf 80' lang='lat' dir='ltr'><strong>defuisse</strong></span> <span class='ocrx_word' id='word_1_176' title='bbox 1031 2090 1064 2152; x_wconf 95' lang='lat' dir='ltr'><strong>in</strong></span> <span class='ocrx_word' id='word_1_177' title='bbox 1076 2087 1250 2173; x_wconf 90' lang='lat' dir='ltr'><strong>codicibus,</strong></span> <span class='ocrx_word' id='word_1_178' title='bbox 1266 2088 1385 2174; x_wconf 89' lang='lat' dir='ltr'><strong>quibus</strong></span> 
     </span>
     <span class='ocr_line' id='line_1_21' title="bbox 258 2190 1385 2277; baseline 0 -22"><span class='ocrx_word' id='word_1_179' title='bbox 258 2192 440 2275; x_wconf 88' lang='lat' dir='ltr'><strong>utebantur,</strong></span> <span class='ocrx_word' id='word_1_180' title='bbox 455 2191 624 2255; x_wconf 83' lang='lat' dir='ltr'><strong>verisimile</strong></span> <span class='ocrx_word' id='word_1_181' title='bbox 641 2198 699 2254; x_wconf 88' lang='lat' dir='ltr'><strong>est.</strong></span> <span class='ocrx_word' id='word_1_182' title='bbox 714 2190 777 2254; x_wconf 83' lang='lat' dir='ltr'><strong>Alii</strong></span> <span class='ocrx_word' id='word_1_183' title='bbox 790 2190 899 2254; x_wconf 88' lang='lat' dir='ltr'><strong>Patres</strong></span> <span class='ocrx_word' id='word_1_184' title='bbox 921 2191 1048 2275; x_wconf 88' lang='lat' dir='ltr'><strong>allegati</strong></span> <span class='ocrx_word' id='word_1_185' title='bbox 1064 2191 1228 2265; x_wconf 87' lang='lat' dir='ltr'><strong>historiam</strong></span> <span class='ocrx_word' id='word_1_186' title='bbox 1251 2190 1385 2277; x_wconf 90' lang='lat' dir='ltr'><strong>quidem</strong></span> 
     </span>
     <span class='ocr_line' id='line_1_22' title="bbox 260 2293 1386 2380; baseline -0.002 -21"><span class='ocrx_word' id='word_1_187' title='bbox 260 2318 323 2360; x_wconf 91' lang='lat' dir='ltr'><strong>nou</strong></span> <span class='ocrx_word' id='word_1_188' title='bbox 338 2297 490 2380; x_wconf 88' lang='lat' dir='ltr'><strong>allegant,</strong></span> <span class='ocrx_word' id='word_1_189' title='bbox 516 2295 572 2358; x_wconf 92' lang='lat' dir='ltr'><strong>ubi</strong></span> <span class='ocrx_word' id='word_1_190' title='bbox 593 2296 717 2359; x_wconf 87' lang='lat' dir='ltr'><strong>occasio</strong></span> <span class='ocrx_word' id='word_1_191' title='bbox 742 2315 775 2357; x_wconf 89' lang='lat' dir='ltr'><strong>se</strong></span> <span class='ocrx_word' id='word_1_192' title='bbox 799 2293 964 2365; x_wconf 81' lang='lat' dir='ltr'><strong>offerebat,</strong></span> <span class='ocrx_word' id='word_1_193' title='bbox 979 2295 1112 2359; x_wconf 86' lang='lat' dir='ltr'><strong>fortasse</strong></span> <span class='ocrx_word' id='word_1_194' title='bbox 1129 2295 1171 2360; x_wconf 92' lang='lat' dir='ltr'><strong>ob</strong></span> <span class='ocrx_word' id='word_1_195' title='bbox 1188 2294 1326 2358; x_wconf 88' lang='lat' dir='ltr'><strong>rationes</strong></span> <span class='ocrx_word' id='word_1_196' title='bbox 1340 2293 1386 2358; x_wconf 91' lang='lat' dir='ltr'><strong>ab</strong></span> 
     </span>
     <span class='ocr_line' id='line_1_23' title="bbox 261 2394 1077 2507; baseline -0.001 -46"><span class='ocrx_word' id='word_1_197' title='bbox 261 2397 439 2507; x_wconf 70' lang='lat' dir='ltr'><strong>Augustirpp</strong></span> <span class='ocrx_word' id='word_1_198' title='bbox 454 2396 560 2478; x_wconf 75' lang='lat' dir='ltr'><strong>datas,</strong></span> <span class='ocrx_word' id='word_1_199' title='bbox 575 2394 631 2459; x_wconf 91' lang='lat' dir='ltr'><strong>sed</strong></span> <span class='ocrx_word' id='word_1_200' title='bbox 646 2415 716 2458; x_wconf 88' lang='lat' dir='ltr'><strong>eam</strong></span> <span class='ocrx_word' id='word_1_201' title='bbox 731 2394 825 2459; x_wconf 88' lang='lat' dir='ltr'><strong>etiam</strong></span> <span class='ocrx_word' id='word_1_202' title='bbox 843 2416 906 2458; x_wconf 91' lang='lat' dir='ltr'><strong>non</strong></span> <span class='ocrx_word' id='word_1_203' title='bbox 919 2396 1077 2482; x_wconf 88' lang='lat' dir='ltr'><strong>rejiciunt.</strong></span> 
     </span>
    </p>
   </div>
   <div class='ocr_carea' id='block_1_6' title="bbox 79 2482 1389 3713">
    <p class='ocr_par' dir='ltr' id='par_1_19' title="bbox 79 2482 1384 2995">
     <span class='ocr_line' id='line_1_24' title="bbox 305 2482 1382 2585; baseline 0.003 -22"><span class='ocrx_word' id='word_1_204' title='bbox 305 2482 474 2585; x_wconf 69' lang='lat' dir='ltr'><strong>respons</strong></span> <span class='ocrx_word' id='word_1_205' title='bbox 487 2507 633 2563; x_wconf 80' lang='lat' dir='ltr'><strong>contexta</strong></span> <span class='ocrx_word' id='word_1_206' title='bbox 646 2497 745 2561; x_wconf 88' lang='lat' dir='ltr'><strong>oratio</strong></span> <span class='ocrx_word' id='word_1_207' title='bbox 759 2498 842 2561; x_wconf 89' lang='lat' dir='ltr'><strong>banc</strong></span> <span class='ocrx_word' id='word_1_208' title='bbox 855 2498 1020 2582; x_wconf 82' lang='lat' dir='ltr'><strong>historiam</strong></span> <span class='ocrx_word' id='word_1_209' title='bbox 1032 2501 1160 2584; x_wconf 85' lang='lat' dir='ltr'><strong>expetit.</strong></span> <span class='ocrx_word' id='word_1_210' title='bbox 1176 2499 1256 2563; x_wconf 88' lang='lat' dir='ltr'><strong>Nam</strong></span> <span class='ocrx_word' id='word_1_211' title='bbox 1274 2502 1382 2585; x_wconf 77' lang='lat' dir='ltr'><strong>(doun.</strong></span> 
     </span>
     <span class='ocr_line' id='line_1_25' title="bbox 134 2566 1384 2705; baseline 0.006 -44"><span class='ocrx_word' id='word_1_212' title='bbox 134 2628 192 2705; x_wconf 29' lang='lat' dir='ltr'><strong>..gg</strong></span> <span class='ocrx_word' id='word_1_213' title='bbox 229 2566 349 2684; x_wconf 39' lang='lat' dir='ltr'><strong>(VIII,</strong></span> <span class='ocrx_word' id='word_1_214' title='bbox 376 2600 431 2684; x_wconf 76' lang='lat'><strong>12)</strong></span> <span class='ocrx_word' id='word_1_215' title='bbox 455 2600 572 2664; x_wconf 89' lang='lat' dir='ltr'><strong>dicitur</strong></span> <span class='ocrx_word' id='word_1_216' title='bbox 597 2622 605 2661; x_wconf 79' lang='lat' dir='ltr'><strong>t</strong></span> <span class='ocrx_word' id='word_1_217' title='bbox 627 2600 740 2661; x_wconf 83' lang='lat' dir='ltr'><strong>Iterntn</strong></span> <span class='ocrx_word' id='word_1_218' title='bbox 764 2620 832 2682; x_wconf 76' lang='lat' dir='ltr'><strong>erpo</strong></span> <span class='ocrx_word' id='word_1_219' title='bbox 855 2602 900 2662; x_wconf 83' lang='lat' dir='ltr'><strong>sic</strong></span> <span class='ocrx_word' id='word_1_220' title='bbox 920 2602 962 2663; x_wconf 82' lang='lat' dir='ltr'><strong>eis</strong></span> <span class='ocrx_word' id='word_1_221' title='bbox 987 2599 1101 2664; x_wconf 82' lang='lat' dir='ltr'><strong>loeutus</strong></span> <span class='ocrx_word' id='word_1_222' title='bbox 1123 2612 1166 2665; x_wconf 86' lang='lat' dir='ltr'><strong>est</strong></span> <span class='ocrx_word' id='word_1_223' title='bbox 1188 2603 1290 2668; x_wconf 78' lang='lat' dir='ltr'><strong>lesus.</strong></span> <span class='ocrx_word' id='word_1_224' title='bbox 1316 2605 1384 2677; x_wconf 77' lang='lat' dir='ltr'><strong>ute,</strong></span> 
     </span>
     <span class='ocr_line' id='line_1_26' title="bbox 79 2702 1383 2788; baseline 0.003 -21"><span class='ocrx_word' id='word_1_225' title='bbox 79 2722 83 2733; x_wconf 83' lang='lat'><em>·</em></span> <span class='ocrx_word' id='word_1_226' title='bbox 144 2702 163 2721; x_wconf 69' lang='lat'><strong>‘⁴</strong></span> <span class='ocrx_word' id='word_1_227' title='bbox 264 2703 297 2768; x_wconf 92' lang='lat' dir='ltr'><strong>id</strong></span> <span class='ocrx_word' id='word_1_228' title='bbox 321 2712 367 2767; x_wconf 89' lang='lat' dir='ltr'><strong>est</strong></span> <span class='ocrx_word' id='word_1_229' title='bbox 387 2702 570 2775; x_wconf 82' lang='lat' dir='ltr'><strong>Phoriaoeia,</strong></span> <span class='ocrx_word' id='word_1_230' title='bbox 599 2705 705 2765; x_wconf 82' lang='lat' dir='ltr'><strong>iterum</strong></span> <span class='ocrx_word' id='word_1_231' title='bbox 731 2702 854 2765; x_wconf 87' lang='lat' dir='ltr'><strong>locutus</strong></span> <span class='ocrx_word' id='word_1_232' title='bbox 889 2710 946 2788; x_wconf 81' lang='lat' dir='ltr'><strong>est.</strong></span> <span class='ocrx_word' id='word_1_233' title='bbox 972 2703 1095 2784; x_wconf 85' lang='lat' dir='ltr'><strong>Vocula</strong></span> <span class='ocrx_word' id='word_1_234' title='bbox 1118 2707 1227 2768; x_wconf 83' lang='lat' dir='ltr'><strong>iterum</strong></span> <span class='ocrx_word' id='word_1_235' title='bbox 1250 2704 1383 2787; x_wconf 88' lang='lat' dir='ltr'><strong>indicat,</strong></span> 
     </span>
     <span class='ocr_line' id='line_1_27' title="bbox 260 2804 1384 2892; baseline -0.002 -19"><span class='ocrx_word' id='word_1_236' title='bbox 260 2811 370 2873; x_wconf 84' lang='lat' dir='ltr'><strong>lesum</strong></span> <span class='ocrx_word' id='word_1_237' title='bbox 381 2806 451 2892; x_wconf 90' lang='lat' dir='ltr'><strong>jam</strong></span> <span class='ocrx_word' id='word_1_238' title='bbox 469 2806 636 2870; x_wconf 82' lang='lat' dir='ltr'><strong>Pharisaeis</strong></span> <span class='ocrx_word' id='word_1_239' title='bbox 663 2805 759 2868; x_wconf 83' lang='lat' dir='ltr'><strong>luisse</strong></span> <span class='ocrx_word' id='word_1_240' title='bbox 779 2806 931 2890; x_wconf 90' lang='lat' dir='ltr'><strong>locutum.</strong></span> <span class='ocrx_word' id='word_1_241' title='bbox 951 2804 1118 2870; x_wconf 81' lang='lat' dir='ltr'><strong>Ubinam?</strong></span> <span class='ocrx_word' id='word_1_242' title='bbox 1133 2806 1171 2870; x_wconf 94' lang='lat' dir='ltr'><strong>In</strong></span> <span class='ocrx_word' id='word_1_243' title='bbox 1190 2807 1318 2871; x_wconf 88' lang='lat' dir='ltr'><strong>historia</strong></span> <span class='ocrx_word' id='word_1_244' title='bbox 1343 2808 1384 2871; x_wconf 93' lang='lat' dir='ltr'><strong>de</strong></span> 
     </span>
     <span class='ocr_line' id='line_1_28' title="bbox 259 2907 1384 2995; baseline -0.002 -19"><span class='ocrx_word' id='word_1_245' title='bbox 259 2913 395 2976; x_wconf 89' lang='lat' dir='ltr'><strong>muliere</strong></span> <span class='ocrx_word' id='word_1_246' title='bbox 407 2907 553 2973; x_wconf 86' lang='lat' dir='ltr'><strong>adultera</strong></span> <span class='ocrx_word' id='word_1_247' title='bbox 567 2928 637 2995; x_wconf 83' lang='lat' dir='ltr'><strong>quae</strong></span> <span class='ocrx_word' id='word_1_248' title='bbox 651 2909 755 2971; x_wconf 89' lang='lat' dir='ltr'><strong>statim</strong></span> <span class='ocrx_word' id='word_1_249' title='bbox 769 2909 937 2991; x_wconf 80' lang='lat' dir='ltr'><strong>praecessit.</strong></span> <span class='ocrx_word' id='word_1_250' title='bbox 952 2908 984 2971; x_wconf 91' lang='lat' dir='ltr'><strong>Si</strong></span> <span class='ocrx_word' id='word_1_251' title='bbox 997 2909 1052 2972; x_wconf 93' lang='lat' dir='ltr'><strong>illa</strong></span> <span class='ocrx_word' id='word_1_252' title='bbox 1065 2909 1195 2974; x_wconf 89' lang='lat' dir='ltr'><strong>historia</strong></span> <span class='ocrx_word' id='word_1_253' title='bbox 1208 2911 1384 2990; x_wconf 88' lang='lat' dir='ltr'><strong>omittatur,</strong></span> 
     </span>
    </p>

    <p class='ocr_par' dir='ltr' id='par_1_20' title="bbox 173 2996 1389 3713">
     <span class='ocr_line' id='line_1_29' title="bbox 262 2996 926 3097; baseline -0.011 -16"><span class='ocrx_word' id='word_1_254' title='bbox 262 3024 349 3081; x_wconf 87' lang='lat' dir='ltr'><strong>caret</strong></span> <span class='ocrx_word' id='word_1_255' title='bbox 360 3036 417 3078; x_wconf 89' lang='lat' dir='ltr'><strong>suo</strong></span> <span class='ocrx_word' id='word_1_256' title='bbox 434 3035 518 3076; x_wconf 84' lang='lat' dir='ltr'><strong>nexu</strong></span> <span class='ocrx_word' id='word_1_257' title='bbox 531 3021 635 3077; x_wconf 87' lang='lat' dir='ltr'><strong>textus</strong></span> <span class='ocrx_word' id='word_1_258' title='bbox 646 2996 926 3097; x_wconf 48' lang='lat' dir='ltr'><strong>evangelicuflhl.</strong></span> 
     </span>
     <span class='ocr_line' id='line_1_30' title="bbox 306 3111 1386 3201; baseline 0 -21"><span class='ocrx_word' id='word_1_259' title='bbox 306 3118 358 3181; x_wconf 75' lang='lat'><strong>27.</strong></span> <span class='ocrx_word' id='word_1_260' title='bbox 377 3115 496 3179; x_wconf 90' lang='lat' dir='ltr'><strong>Ultima</strong></span> <span class='ocrx_word' id='word_1_261' title='bbox 510 3114 543 3178; x_wconf 86' lang='lat' dir='ltr'><strong>fit</strong></span> <span class='ocrx_word' id='word_1_262' title='bbox 561 3113 729 3178; x_wconf 90' lang='lat' dir='ltr'><strong>difficultas</strong></span> <span class='ocrx_word' id='word_1_263' title='bbox 747 3111 787 3175; x_wconf 88' lang='lat' dir='ltr'><strong>de</strong></span> <span class='ocrx_word' id='word_1_264' title='bbox 806 3112 908 3197; x_wconf 89' lang='lat' dir='ltr'><strong>capite</strong></span> <span class='ocrx_word' id='word_1_265' title='bbox 929 3112 1016 3196; x_wconf 84' lang='lat' dir='ltr'><strong>XXI,</strong></span> <span class='ocrx_word' id='word_1_266' title='bbox 1033 3112 1119 3198; x_wconf 90' lang='lat' dir='ltr'><strong>quod</strong></span> <span class='ocrx_word' id='word_1_267' title='bbox 1144 3117 1290 3179; x_wconf 87' lang='lat' dir='ltr'><strong>nonnulli</strong></span> <span class='ocrx_word' id='word_1_268' title='bbox 1304 3137 1386 3201; x_wconf 90' lang='lat' dir='ltr'><strong>pro·</strong></span> 
     </span>
     <span class='ocr_line' id='line_1_31' title="bbox 246 3214 1387 3303; baseline -0.002 -19"><span class='ocrx_word' id='word_1_269' title='bbox 246 3226 251 3267; x_wconf 80' lang='lat'><strong>&#39;·</strong></span> <span class='ocrx_word' id='word_1_270' title='bbox 263 3228 412 3285; x_wconf 90' lang='lat' dir='ltr'><strong>testantes</strong></span> <span class='ocrx_word' id='word_1_271' title='bbox 422 3215 464 3280; x_wconf 92' lang='lat' dir='ltr'><strong>ab</strong></span> <span class='ocrx_word' id='word_1_272' title='bbox 473 3215 645 3300; x_wconf 86' lang='lat' dir='ltr'><strong>Evangelio</strong></span> <span class='ocrx_word' id='word_1_273' title='bbox 657 3215 788 3278; x_wconf 88' lang='lat' dir='ltr'><strong>Joauuis</strong></span> <span class='ocrx_word' id='word_1_274' title='bbox 798 3234 979 3299; x_wconf 81' lang='lat' dir='ltr'><strong>expungere</strong></span> <span class='ocrx_word' id='word_1_275' title='bbox 992 3214 1112 3278; x_wconf 86' lang='lat' dir='ltr'><strong>vellent</strong></span> <span class='ocrx_word' id='word_1_276' title='bbox 1122 3237 1251 3299; x_wconf 90' lang='lat' dir='ltr'><strong>prorsus</strong></span> <span class='ocrx_word' id='word_1_277' title='bbox 1263 3216 1387 3303; x_wconf 89' lang='lat' dir='ltr'><strong>absque</strong></span> 
     </span>
     <span class='ocr_line' id='line_1_32' title="bbox 173 3312 1388 3438; baseline -0.002 -50"><span class='ocrx_word' id='word_1_278' title='bbox 173 3312 226 3438; x_wconf 62' lang='lat' dir='ltr'><strong>‘gb</strong></span> <span class='ocrx_word' id='word_1_279' title='bbox 258 3324 345 3410; x_wconf 84' lang='lat' dir='ltr'><strong>jure.</strong></span> <span class='ocrx_word' id='word_1_280' title='bbox 363 3321 445 3384; x_wconf 88' lang='lat' dir='ltr'><strong>Nam</strong></span> <span class='ocrx_word' id='word_1_281' title='bbox 468 3319 583 3404; x_wconf 90' lang='lat' dir='ltr'><strong>legitur</strong></span> <span class='ocrx_word' id='word_1_282' title='bbox 604 3315 685 3381; x_wconf 92' lang='lat' dir='ltr'><strong>illud</strong></span> <span class='ocrx_word' id='word_1_283' title='bbox 708 3327 803 3402; x_wconf 90' lang='lat' dir='ltr'><strong>caput</strong></span> <span class='ocrx_word' id='word_1_284' title='bbox 823 3318 855 3380; x_wconf 93' lang='lat' dir='ltr'><strong>in</strong></span> <span class='ocrx_word' id='word_1_285' title='bbox 876 3316 1025 3381; x_wconf 91' lang='lat' dir='ltr'><strong>omnibus</strong></span> <span class='ocrx_word' id='word_1_286' title='bbox 1041 3316 1204 3383; x_wconf 85' lang='lat' dir='ltr'><strong>codicibus</strong></span> <span class='ocrx_word' id='word_1_287' title='bbox 1219 3330 1250 3383; x_wconf 89' lang='lat' dir='ltr'><strong>et</strong></span> <span class='ocrx_word' id='word_1_288' title='bbox 1264 3322 1388 3385; x_wconf 85' lang='lat' dir='ltr'><strong>versio-</strong></span> 
     </span>
     <span class='ocr_line' id='line_1_33' title="bbox 264 3419 1388 3507; baseline -0.004 -18"><span class='ocrx_word' id='word_1_289' title='bbox 264 3425 368 3489; x_wconf 87' lang='lat' dir='ltr'><strong>nibus.</strong></span> <span class='ocrx_word' id='word_1_290' title='bbox 382 3423 483 3486; x_wconf 89' lang='lat' dir='ltr'><strong>Porro</strong></span> <span class='ocrx_word' id='word_1_291' title='bbox 498 3422 608 3484; x_wconf 89' lang='lat' dir='ltr'><strong>Patres</strong></span> <span class='ocrx_word' id='word_1_292' title='bbox 622 3421 701 3483; x_wconf 91' lang='lat' dir='ltr'><strong>nihil</strong></span> <span class='ocrx_word' id='word_1_293' title='bbox 721 3419 940 3483; x_wconf 87' lang='lat' dir='ltr'><strong>discreverunt</strong></span> <span class='ocrx_word' id='word_1_294' title='bbox 956 3420 1038 3483; x_wconf 90' lang='lat' dir='ltr'><strong>inter</strong></span> <span class='ocrx_word' id='word_1_295' title='bbox 1053 3421 1274 3484; x_wconf 87' lang='lat' dir='ltr'><strong>auctoritatem</strong></span> <span class='ocrx_word' id='word_1_296' title='bbox 1291 3421 1388 3507; x_wconf 85' lang='lat' dir='ltr'><strong>hujus</strong></span> 
     </span>
     <span class='ocr_line' id='line_1_34' title="bbox 264 3520 1387 3613; baseline -0.004 -20"><span class='ocrx_word' id='word_1_297' title='bbox 264 3539 295 3593; x_wconf 89' lang='lat' dir='ltr'><strong>et</strong></span> <span class='ocrx_word' id='word_1_298' title='bbox 320 3536 498 3592; x_wconf 89' lang='lat' dir='ltr'><strong>ceterorum</strong></span> <span class='ocrx_word' id='word_1_299' title='bbox 521 3521 743 3613; x_wconf 84' lang='lat' dir='ltr'><strong>capitum,sed</strong></span> <span class='ocrx_word' id='word_1_300' title='bbox 758 3520 837 3585; x_wconf 93' lang='lat' dir='ltr'><strong>illud</strong></span> <span class='ocrx_word' id='word_1_301' title='bbox 861 3524 973 3607; x_wconf 79' lang='lat' dir='ltr'><strong>sapius</strong></span> <span class='ocrx_word' id='word_1_302' title='bbox 993 3523 1172 3606; x_wconf 89' lang='lat' dir='ltr'><strong>allegarunt</strong></span> <span class='ocrx_word' id='word_1_303' title='bbox 1193 3533 1225 3586; x_wconf 87' lang='lat' dir='ltr'><strong>et</strong></span> <span class='ocrx_word' id='word_1_304' title='bbox 1242 3525 1387 3588; x_wconf 86' lang='lat' dir='ltr'><strong>unanimi</strong></span> 
     </span>
     <span class='ocr_line' id='line_1_35' title="bbox 263 3623 1389 3713; baseline -0.004 -18"><span class='ocrx_word' id='word_1_305' title='bbox 263 3653 320 3696; x_wconf 90' lang='lat' dir='ltr'><strong>ore</strong></span> <span class='ocrx_word' id='word_1_306' title='bbox 334 3629 450 3692; x_wconf 87' lang='lat' dir='ltr'><strong>Joanni</strong></span> <span class='ocrx_word' id='word_1_307' title='bbox 464 3626 653 3691; x_wconf 87' lang='lat' dir='ltr'><strong>tribuerunt.</strong></span> <span class='ocrx_word' id='word_1_308' title='bbox 672 3626 738 3689; x_wconf 89' lang='lat' dir='ltr'><strong>Nec</strong></span> <span class='ocrx_word' id='word_1_309' title='bbox 757 3624 843 3688; x_wconf 88' lang='lat' dir='ltr'><strong>dicat</strong></span> <span class='ocrx_word' id='word_1_310' title='bbox 856 3627 926 3710; x_wconf 90' lang='lat' dir='ltr'><strong>quis</strong></span> <span class='ocrx_word' id='word_1_311' title='bbox 941 3623 1083 3689; x_wconf 88' lang='lat' dir='ltr'><strong>indolem</strong></span> <span class='ocrx_word' id='word_1_312' title='bbox 1099 3626 1278 3712; x_wconf 86' lang='lat' dir='ltr'><strong>stylumque</strong></span> <span class='ocrx_word' id='word_1_313' title='bbox 1291 3626 1389 3713; x_wconf 89' lang='lat' dir='ltr'><strong>hujus</strong></span> 
     </span>
    </p>
   </div>
   <div class='ocr_carea' id='block_1_7' title="bbox 294 3855 1359 4172">
    <p class='ocr_par' dir='ltr' id='par_1_21' title="bbox 295 3855 987 3928">
     <span class='ocr_line' id='line_1_36' title="bbox 295 3855 987 3928; baseline -0.012 -15"><span class='ocrx_word' id='word_1_314' title='bbox 295 3862 331 3928; x_wconf 77' lang='lat' dir='ltr'><strong>(l)</strong></span> <span class='ocrx_word' id='word_1_315' title='bbox 342 3862 480 3913; x_wconf 78' lang='lat' dir='ltr'><strong>constitut.</strong></span> <span class='ocrx_word' id='word_1_316' title='bbox 494 3859 585 3925; x_wconf 79' lang='lat' dir='ltr'><strong>Apost.</strong></span> <span class='ocrx_word' id='word_1_317' title='bbox 599 3860 629 3922; x_wconf 89' lang='lat' dir='ltr'><strong>ll,</strong></span> <span class='ocrx_word' id='word_1_318' title='bbox 642 3857 683 3920; x_wconf 68' lang='lat' dir='ltr'><strong>tn</strong></span> <span class='ocrx_word' id='word_1_319' title='bbox 694 3859 820 3924; x_wconf 75' lang='lat' dir='ltr'><strong>Synopsie</strong></span> <span class='ocrx_word' id='word_1_320' title='bbox 835 3858 930 3912; x_wconf 83' lang='lat' dir='ltr'><strong>Athon.</strong></span> <span class='ocrx_word' id='word_1_321' title='bbox 947 3855 987 3906; x_wconf 78' lang='lat'><strong>50.</strong></span> 
     </span>
    </p>

    <p class='ocr_par' dir='ltr' id='par_1_22' title="bbox 295 3938 1336 4010">
     <span class='ocr_line' id='line_1_37' title="bbox 295 3938 1336 4010; baseline -0.006 -15"><span class='ocrx_word' id='word_1_322' title='bbox 295 3946 332 4010; x_wconf 69' lang='lat' dir='ltr'><strong>(t)</strong></span> <span class='ocrx_word' id='word_1_323' title='bbox 342 3947 368 3998; x_wconf 85' lang='lat' dir='ltr'><strong>S.</strong></span> <span class='ocrx_word' id='word_1_324' title='bbox 382 3943 538 4003; x_wconf 76' lang='lat' dir='ltr'><strong>Ambrosius,</strong></span> <span class='ocrx_word' id='word_1_325' title='bbox 554 3942 630 4008; x_wconf 80' lang='lat' dir='ltr'><strong>Apol.</strong></span> <span class='ocrx_word' id='word_1_326' title='bbox 646 3942 738 3992; x_wconf 81' lang='lat' dir='ltr'><strong>David.</strong></span> <span class='ocrx_word' id='word_1_327' title='bbox 750 3940 780 4000; x_wconf 84' lang='lat' dir='ltr'><strong>ll;</strong></span> <span class='ocrx_word' id='word_1_328' title='bbox 799 3942 976 4004; x_wconf 74' lang='lat' dir='ltr'><strong>Hieronymus,</strong></span> <span class='ocrx_word' id='word_1_329' title='bbox 992 3938 1062 3990; x_wconf 84' lang='lat' dir='ltr'><strong>Diol.</strong></span> <span class='ocrx_word' id='word_1_330' title='bbox 1078 3941 1138 3992; x_wconf 83' lang='lat' dir='ltr'><strong>cdv.</strong></span> <span class='ocrx_word' id='word_1_331' title='bbox 1153 3939 1239 4005; x_wconf 67' lang='lat' dir='ltr'><strong>Pelen.</strong></span> <span class='ocrx_word' id='word_1_332' title='bbox 1251 3938 1283 4000; x_wconf 90' lang='lat' dir='ltr'><strong>ll,</strong></span> <span class='ocrx_word' id='word_1_333' title='bbox 1297 3941 1336 3989; x_wconf 88' lang='lat' dir='ltr'><strong>l&#39;l.</strong></span> 
     </span>
    </p>

    <p class='ocr_par' dir='ltr' id='par_1_23' title="bbox 294 4019 1359 4172">
     <span class='ocr_line' id='line_1_38' title="bbox 296 4019 1359 4090; baseline -0.006 -13"><span class='ocrx_word' id='word_1_334' title='bbox 296 4028 332 4090; x_wconf 77' lang='lat'><strong>(5)</strong></span> <span class='ocrx_word' id='word_1_335' title='bbox 347 4028 431 4078; x_wconf 77' lang='lat' dir='ltr'><strong>Truct.</strong></span> <span class='ocrx_word' id='word_1_336' title='bbox 442 4025 549 4086; x_wconf 86' lang='lat' dir='ltr'><strong>lllilllll,</strong></span> <span class='ocrx_word' id='word_1_337' title='bbox 562 4027 587 4075; x_wconf 93' lang='lat' dir='ltr'><strong>in</strong></span> <span class='ocrx_word' id='word_1_338' title='bbox 602 4028 671 4077; x_wconf 85' lang='lat' dir='ltr'><strong>toan.</strong></span> <span class='ocrx_word' id='word_1_339' title='bbox 682 4022 745 4085; x_wconf 75' lang='lat' dir='ltr'><strong>vill,</strong></span> <span class='ocrx_word' id='word_1_340' title='bbox 758 4023 830 4085; x_wconf 70' lang='grc'><strong>1-21,</strong></span> <span class='ocrx_word' id='word_1_341' title='bbox 842 4038 868 4073; x_wconf 90' lang='lat' dir='ltr'><strong>n.</strong></span> <span class='ocrx_word' id='word_1_342' title='bbox 884 4022 935 4072; x_wconf 61' lang='lat' dir='ltr'><strong>hd.</strong></span> <span class='ocrx_word' id='word_1_343' title='bbox 949 4021 1001 4071; x_wconf 81' lang='lat' dir='ltr'><strong>cfr.</strong></span> <span class='ocrx_word' id='word_1_344' title='bbox 1015 4021 1115 4072; x_wconf 85' lang='lat' dir='ltr'><strong>Contra</strong></span> <span class='ocrx_word' id='word_1_345' title='bbox 1127 4023 1216 4073; x_wconf 85' lang='lat' dir='ltr'><strong>Foust.</strong></span> <span class='ocrx_word' id='word_1_346' title='bbox 1229 4020 1303 4082; x_wconf 87' lang='lat' dir='ltr'><strong>llllll,</strong></span> <span class='ocrx_word' id='word_1_347' title='bbox 1316 4019 1359 4071; x_wconf 74' lang='lat'><strong>25.</strong></span> 
     </span>
     <span class='ocr_line' id='line_1_39' title="bbox 294 4103 1353 4172; baseline -0.006 -13"><span class='ocrx_word' id='word_1_348' title='bbox 294 4109 331 4172; x_wconf 80' lang='lat' dir='ltr'><strong>(l)</strong></span> <span class='ocrx_word' id='word_1_349' title='bbox 345 4109 392 4171; x_wconf 78' lang='lat' dir='ltr'><strong>dp.</strong></span> <span class='ocrx_word' id='word_1_350' title='bbox 406 4108 528 4169; x_wconf 76' lang='lat' dir='ltr'><strong>Giinther,</strong></span> <span class='ocrx_word' id='word_1_351' title='bbox 539 4108 639 4159; x_wconf 73' lang='lat' dir='ltr'><strong>Introit.</strong></span> <span class='ocrx_word' id='word_1_352' title='bbox 651 4110 679 4157; x_wconf 79' lang='lat' dir='ltr'><strong>in</strong></span> <span class='ocrx_word' id='word_1_353' title='bbox 690 4105 734 4157; x_wconf 82' lang='lat' dir='ltr'><strong>lib.</strong></span> <span class='ocrx_word' id='word_1_354' title='bbox 751 4106 786 4161; x_wconf 88' lang='lat' dir='ltr'><strong>N.</strong></span> <span class='ocrx_word' id='word_1_355' title='bbox 803 4104 858 4170; x_wconf 58' lang='grc' dir='ltr'><strong>Ἐξ</strong></span> <span class='ocrx_word' id='word_1_356' title='bbox 876 4104 940 4167; x_wconf 70' lang='lat'>149;</span> <span class='ocrx_word' id='word_1_357' title='bbox 957 4103 1060 4156; x_wconf 81' lang='lat' dir='ltr'><strong>scholae</strong></span> <span class='ocrx_word' id='word_1_358' title='bbox 1071 4104 1106 4159; x_wconf 90' lang='lat' dir='ltr'><strong>N.</strong></span> <span class='ocrx_word' id='word_1_359' title='bbox 1124 4105 1149 4155; x_wconf 87' lang='grc' dir='ltr'><strong>Τ.</strong></span> <span class='ocrx_word' id='word_1_360' title='bbox 1163 4117 1240 4170; x_wconf 71' lang='lat' dir='ltr'><strong>prun</strong></span> <span class='ocrx_word' id='word_1_361' title='bbox 1253 4104 1280 4153; x_wconf 90' lang='lat' dir='ltr'><strong>in</strong></span> <span class='ocrx_word' id='word_1_362' title='bbox 1296 4105 1321 4154; x_wconf 87' lang='lat' dir='ltr'><strong>h.</strong></span> <span class='ocrx_word' id='word_1_363' title='bbox 1335 4105 1353 4155; x_wconf 86' lang='lat' dir='ltr'><strong>l.</strong></span> 
     </span>
    </p>
   </div>
   <div class='ocr_carea' id='block_1_8' title="bbox 264 4185 1387 4320">
    <p class='ocr_par' dir='ltr' id='par_1_24' title="bbox 264 4185 1387 4320">
     <span class='ocr_line' id='line_1_40' title="bbox 297 4185 1387 4250; baseline -0.002 -11"><span class='ocrx_word' id='word_1_364' title='bbox 297 4190 332 4250; x_wconf 77' lang='lat'><strong>(5)</strong></span> <span class='ocrx_word' id='word_1_365' title='bbox 349 4189 467 4240; x_wconf 85' lang='lat' dir='ltr'><strong>Rationes</strong></span> <span class='ocrx_word' id='word_1_366' title='bbox 484 4190 511 4238; x_wconf 88' lang='lat' dir='ltr'><strong>in</strong></span> <span class='ocrx_word' id='word_1_367' title='bbox 534 4190 688 4240; x_wconf 88' lang='lat' dir='ltr'><strong>contrarium</strong></span> <span class='ocrx_word' id='word_1_368' title='bbox 712 4189 797 4240; x_wconf 85' lang='lat' dir='ltr'><strong>allatas</strong></span> <span class='ocrx_word' id='word_1_369' title='bbox 822 4187 934 4239; x_wconf 78' lang='lat' dir='ltr'><strong>confutat</strong></span> <span class='ocrx_word' id='word_1_370' title='bbox 958 4185 1075 4247; x_wconf 85' lang='lat' dir='ltr'><strong>Kulnoel‚</strong></span> <span class='ocrx_word' id='word_1_371' title='bbox 1098 4186 1287 4237; x_wconf 74' lang='lat' dir='ltr'><strong>commentia</strong></span> <span class='ocrx_word' id='word_1_372' title='bbox 1309 4185 1387 4238; x_wconf 74' lang='lat' dir='ltr'><strong>loun.</strong></span> 
     </span>
     <span class='ocr_line' id='line_1_41' title="bbox 264 4269 369 4320; baseline 0.01 -1"><span class='ocrx_word' id='word_1_373' title='bbox 264 4269 335 4320; x_wconf 85' lang='lat' dir='ltr'><strong>adh.</strong></span> <span class='ocrx_word' id='word_1_374' title='bbox 352 4270 369 4320; x_wconf 91' lang='lat' dir='ltr'><strong>l.</strong></span> 
     </span>
    </p>
   </div>
   <div class='ocr_carea' id='block_1_9' title="bbox 0 0 1601 4948">
    <p class='ocr_par' dir='ltr' id='par_1_25' title="bbox 0 0 1601 4948">
     <span class='ocr_line' id='line_1_42' title="bbox 0 0 1601 4948; baseline 0 0"><span class='ocrx_word' id='word_1_375' title='bbox 0 0 1601 4948; x_wconf 95' lang='lat' dir='ltr'><strong> </strong></span> 
     </span>
    </p>
   </div>
  </div>
 </body>
</html>
