3166 4958
422 310 496 352 rans
508 311 544 353 11.
558 310 651 352 cnrnr
664 310 699 351 11.
719 308 757 350 na
770 307 945 351 evertemus
961 309 994 351 m
1008 307 1135 352 carens.
1286 289 1346 351 211

222 407 388 472 secundnm
406 408 508 492 (κατὰ)
521 409 616 491 LXX,
631 408 791 473 teotradum
804 407 967 492 Aquilam,
980 409 1142 472 secundnm
1157 407 1348 472 Theodotio·

221 518 358 592 nem,ut
368 509 581 595 significarent
593 510 888 591 versionesaLXX,
898 510 940 574 ab
948 509 1345 595 Aquila,aTheodotione,

223 610 398 675 consectas.
413 612 565 695 Dubium,
580 611 704 698 siquod
717 610 851 694 adesset,
867 611 948 675 tollit
959 601 1109 697 synopsis¹
1118 611 1346 693 Athanasiana,

223 712 282 776 ubi
305 713 431 777 titulum
459 715 555 799 primi
581 715 745 799 Evangelii
777 714 822 777 sio
852 713 1000 797 explicat.
1037 739 1051 773 (ι
1080 710 1248 801 ΕὐαῃεἋιον
1274 714 1349 776 κατὰ

222 813 394 880 Maeona:
412 817 483 882 Hoc
507 819 636 882 nomine
656 825 787 882 vocatur
804 817 857 881 bio
876 816 958 880 liber
977 815 1065 902 quod
1083 818 1151 901 ipse
1171 816 1347 899 Mattheus,

223 918 399 1005 discipulus
410 921 550 1004 Domini,
568 923 630 986 hoc
645 920 853 1005 Evangelium
870 921 1054 1004 conscripsit
1070 919 1130 1005 (1)
1148 947 1162 982 ν

268 1023 322 1086 10.
342 1022 494 1104 Quamvis
525 1033 644 1107 antem,
673 1032 708 1087 nt
729 1025 839 1088 asserit
866 1022 898 1086 S.
929 1024 1168 1108 Chrysostomns
1194 1026 1254 1111 (2),
1284 1028 1349 1091 ista

223 1127 443 1211 inscriptiones
459 1149 523 1192 non
539 1127 657 1192 luerint
672 1127 851 1211 Evangeliis
867 1128 1017 1211 appositae
1029 1127 1072 1192 ab
1087 1128 1162 1213 ipsis
1176 1129 1347 1214 Apostolis,

222 1229 450 1314 antiquissimae
465 1240 572 1294 tamen
593 1240 665 1294 sunt
684 1239 716 1294 et
734 1228 776 1293 ad
798 1239 943 1314 tempora
963 1231 1137 1315 apostolica
1158 1231 1346 1296 reserenda.

222 1333 348 1395 Etenim
360 1333 430 1417 jam
447 1331 489 1397 ad
505 1333 602 1398 finem
615 1333 721 1397 saeculi
735 1334 764 1396 ΙΙ
780 1333 991 1397 Tertullianus
1006 1355 1046 1397 ex
1059 1334 1158 1398 titulis
1172 1355 1349 1419 argumen-

222 1433 353 1498 tabatur
374 1445 484 1500 eontra
508 1437 715 1502 Marcionem.
738 1436 821 1501 Ante
843 1457 917 1500 eum
940 1436 972 1499 S.
995 1436 1134 1501 Irenaeus
1153 1447 1185 1501 et
1203 1436 1349 1502 Clemens

222 1534 459 1602 Alexandrinus
493 1537 533 1602 ad
564 1540 624 1603 hos
653 1539 760 1603 titulos
783 1539 951 1603 manifesto
977 1536 1125 1605 videntur
1148 1540 1346 1624 respexisse,

225 1636 355 1723 quando
380 1637 421 1702 de
444 1641 624 1725 Evangeliis
658 1650 788 1726 agentes
819 1648 950 1704 utuntur
973 1640 1035 1703 hac
1059 1638 1185 1704 dicendi
1209 1640 1349 1705 formula

223 1763 254 1804 το
276 1742 351 1804 κατὰ
373 1739 543 1828 Mariam,
573 1743 648 1807 κατὰ
670 1741 813 1831 Μάρκον,
849 1744 925 1806 κατὰ
956 1741 1094 1827 Aeonis,
1123 1743 1198 1808 sart
1224 1743 1350 1819 'lerinum

222 1841 404 1932 Εὐαῃέλιον,
429 1846 630 1931 Evangelium
652 1848 812 1911 secundnm
835 1846 1027 1920 Matrinum,
1052 1849 1198 1921 Marcum,
1223 1850 1346 1922 Lucam,

221 1950 372 2012 loannem
395 1947 455 2033 (ὅ).
474 1949 701 2034 Fragmentum
726 1950 856 2013 canonis
879 1949 1115 2033 scripturarum
1137 1951 1348 2035 antiquissimi

222 2071 242 2112 a
258 2052 429 2115 Muralorio
446 2050 521 2116 editi
535 2053 700 2117 titulorum
721 2053 865 2116 notit-iam
884 2051 1039 2116 innuebat
1059 2050 1168 2116 dicens
1185 2075 1193 2115 ι
1214 2077 1228 2111 «
1244 2054 1348 2118 Tertio

223 2155 387 2240 Evangelii
405 2155 487 2220 libro
503 2156 663 2220 secundnm
675 2159 799 2218 Lneom.
819 2182 833 2216 v
849 2155 882 2220 S.
897 2152 1071 2241 Cyprianus
1087 2156 1119 2218 in
1137 2155 1227 2219 libris
1248 2158 1348 2221 Testi-

222 2259 393 2320 moniorum
409 2259 477 2322 odo.
494 2259 617 2322 Judoeoa
629 2258 735 2321 titulos
748 2259 897 2322 continuo
916 2258 959 2321 ita
975 2256 1146 2320 exscribit:
1166 2281 1181 2314 a
1198 2257 1349 2342 Evange-

222 2360 302 2424 lium
318 2372 386 2424 coto
400 2363 594 2444 Matthaeum,
614 2372 680 2424 cata
697 2361 828 2443 Lucam,
851 2370 911 2424 etc.

267 2463 320 2527 11.
342 2463 449 2544 Quum
472 2465 568 2549 igitur
589 2464 705 2529 saeculo
728 2465 757 2527 Il
780 2464 861 2527 tituli
878 2463 1123 2548 Evangeliorum
1137 2463 1207 2549 jam
1229 2467 1294 2529 noti
1319 2475 1350 2529 et

222 2566 328 2647 usitati
349 2575 452 2631 essent
475 2567 507 2630 in
531 2566 671 2631 ecclesiis
693 2568 864 2648 Romana,
894 2566 1096 2652 Lugdunensi
1108 2616 1117 2650 ,
1144 2568 1295 2633 Africana
1318 2577 1349 2632 et

221 2666 463 2751 Alexandrina,
489 2676 613 2753 oportet
635 2677 671 2731 ut
688 2667 759 2753 jam
782 2668 824 2733 ab
848 2669 957 2754 aliquo
982 2678 1122 2753 temporo
1151 2671 1346 2753 exstiterint,

222 2766 370 2854 adeoque
384 2769 427 2834 ab
443 2789 509 2834 evo
525 2771 700 2855 apostolico
724 2772 785 2834 sint
801 2769 978 2855 repetendi.
996 2771 1103 2835 Fuisse
1119 2782 1226 2836 autem
1242 2793 1348 2857 appo-

144 2944 147 2955 Δ
221 2872 296 2934 sitos
311 2893 330 2935 a
346 2873 520 2957 prepositis
534 2873 694 2959 Ecclesia,
708 2883 743 2937 ut
756 2872 885 2959 quando
900 2874 1044 2956 lectores,
1059 2872 1195 2938 durante
1207 2875 1346 2958 liturgia,

220 2973 371 3058 legebant
386 2976 527 3061 aliquem
542 2976 706 3061 Evangelii
722 2977 841 3056 locum,
856 2974 966 3039 fideles
982 2976 1194 3060 intelligerent
1210 2996 1248 3038 ex
1266 2998 1349 3061 quo-

219 3097 297 3140 nam
320 3077 493 3163 Evangelio
515 3078 616 3143 verba
639 3078 914 3164 praelegebantur,
940 3077 1122 3165 conjectura
1147 3087 1219 3161 est,
1249 3100 1348 3164 quarn

217 3177 326 3241 firmat
343 3189 374 3243 et
386 3200 461 3242 usus
474 3178 601 3265 legendi
615 3180 806 3266 Scripturas,
824 3178 958 3245 durante
971 3181 1110 3265 liturgia,
1128 3190 1159 3243 et
1175 3179 1348 3245 similitudo
1403 3252 1406 3259 ,

218 3281 385 3345 titulorum
407 3283 440 3345 in
464 3292 603 3368 quatuor
625 3283 815 3368 Evangeliis.
842 3281 969 3363 Quanta
993 3304 1088 3369 porro
1121 3283 1160 3346 sit
1182 3285 1347 3348 titulorum

252 3511 288 3577 (i)
298 3511 379 3563 Antea
388 3512 441 3587 jam
456 3512 582 3564 Eusebius
592 3511 671 3575 (illst.
685 3513 756 3565 Eccl.
772 3512 814 3574 lll,
829 3513 871 3578 ai)
888 3514 986 3565 dixerat
1006 3528 1012 3564 :
1028 3521 1146 3570 Mart-tir
1164 3518 1247 3584 sarpis
1262 3520 1350 3583 ysius

219 3603 292 3662 ypsi?
306 3596 419 3660 sapitis
435 3591 459 3642 rt
476 3591 527 3643 ω’
542 3615 604 3644 asro
620 3592 771 3659 nimiam.
789 3594 841 3645 Cir.
857 3596 934 3645 etiarn
953 3595 978 3647 il
995 3595 1080 3649 linet.
1098 3597 1128 3660 ll,
1145 3600 1185 3651 15.
1200 3600 1251 3650 Nee
1265 3601 1349 3652 obstat

146 3690 149 3695 ’
217 3676 371 3741 locutionem
391 3676 562 3741 annpetinm
587 3678 727 3728 meandum
752 3676 874 3728 Hebroeos
898 3690 948 3727 non
971 3677 1110 3740 significare
1132 3680 1295 3743 Evangetium
1316 3682 1348 3732 ab

219 3758 332 3811 liebraeis
341 3757 495 3819 conlectum,
505 3770 563 3807 nam
574 3771 606 3809 ex
617 3758 671 3821 ipsa
684 3772 712 3808 re
724 3764 794 3821 patet
804 3758 878 3821 longe
893 3758 967 3809 aliam
982 3770 1037 3808 esse
1054 3759 1176 3809 rationem
1188 3759 1265 3822 huius
1276 3761 1347 3810 iocu-

217 3842 304 3892 tionis.
319 3842 356 3891 lix
368 3841 472 3893 historia
484 3841 626 3906 colligimus
643 3854 698 3893 esse
716 3843 880 3906 Evangelium
898 3841 1007 3897 Matthaei
1018 3855 1070 3906 quo
1086 3843 1223 3892 utebantur
1237 3843 1345 3894 Hebraei.

252 3923 289 3987 (2)
300 3923 374 3975 Hom.
385 3923 399 3974 l
411 3926 439 3973 in
449 3923 499 3989 Ep.
515 3926 551 3976 od
561 3923 633 3976 Rom.
647 3924 675 3975 l:
689 3942 701 3972 ι
716 3925 812 3988 Moyses
828 3925 898 3975 libris
915 3925 1054 3987 quinquen
1065 3936 1092 3974 se
1107 3923 1206 3986 scriptis
1221 3938 1345 3988 nusquam

69 4023 76 4038 ·
170 4075 173 4079 ἠ
218 4018 310 4056 nomen
329 4019 405 4056 snum
419 4005 546 4068 apposuit,
562 4019 646 4070 neque
659 4006 695 4057 illi
713 4006 757 4070 qui
775 4019 817 4056 res
833 4012 889 4068 post
907 4005 978 4055 illum
1001 4010 1085 4069 gestas
1102 4003 1280 4067 scripserunt:
1300 4006 1345 4056 sed

218 4100 301 4152 neque
313 4088 452 4150 Mattheus,
469 4101 553 4152 neque
565 4087 681 4149 loannes,
696 4101 780 4152 neque
791 4087 897 4147 Eamus,
913 4098 996 4150 neque
1009 4083 1098 4136 Lucas.
1114 4102 1125 4132 s

252 4170 287 4235 (5)
299 4169 350 4221 Glr.
364 4169 440 4231 iren,
454 4170 555 4221 Contra
567 4171 629 4221 oar.
646 4170 663 4223 Ι.
676 4170 697 4232 1,
714 4184 737 4220 c.
753 4169 837 4232 xxvi,
850 4168 875 4230 1ς
888 4182 910 4219 c.
925 4168 1020 4231 xxvii,
1033 4167 1058 4232 ²3
1073 4169 1090 4218 1.
1104 4167 1146 4230 ill,
1158 4181 1181 4219 e.
1192 4167 1234 4231 xi,
1246 4172 1271 4229 i,
1283 4171 1308 4231 8,
1318 4170 1344 4232 e,

217 4266 241 4304 c.
253 4250 317 4314 xlv,
328 4253 353 4315 ⁴3
368 4251 484 4303 Clemens
494 4251 546 4314 ni,
557 4251 662 4318 Podoq.
675 4253 693 4303 l:
709 4252 728 4313 l,
741 4266 764 4304 c.
782 4252 806 4311 6;
821 4251 918 4304 Strom.
931 4251 948 4301 1.
961 4250 980 4314 l,
991 4264 1014 4305 c.
1027 4250 1068 4312 213
1084 4251 1148 4315 Quis
1158 4252 1229 4303 dices
1241 4252 1308 4303 salv.
1318 4265 1345 4303 n.

218 4334 244 4385 5.
259 4334 359 4385 Potrol.
374 4347 415 4401 or.
427 4332 490 4396 viii,
503 4334 550 4385 ool.
566 4333 826 4398 menevensem
842 4333 882 4396 ΙΧ,
899 4332 956 4385 609.
