3168 4948
324 317 400 359 Palis
413 317 448 357 11.
464 289 559 358 CAPUT
573 317 602 359 V.
621 317 660 357 DE
678 304 912 368 obstuoauecltt
926 320 955 363 8.
975 321 1064 362 PAULI
1078 320 1237 366 musicem.
1284 302 1348 366 555

213 414 247 477 in
271 435 337 478 una
360 414 501 499 Epistola
526 394 638 497 insius,
663 416 696 478 in
715 416 814 480 altera
834 419 973 502 parcius,
991 428 1087 503 prout
1104 420 1348 485 circumstantiae

213 516 398 602 exigebant,
423 525 572 581 tractare.
596 517 795 603 Argumente
816 519 911 605 igitur
933 520 977 585 eb
998 520 1188 588 adversariis
1208 523 1345 608 prolata,

212 618 334 684 nedum
352 620 533 685 auctoritati
550 620 698 705 Epistolae
715 619 902 706 detrahant,
918 644 991 687 eam
1015 627 1120 709 potius
1142 625 1345 690 confirmant.

424 820 512 886 VIII.
538 821 584 883 De
606 820 748 906 Epistola
769 822 810 886 od
832 822 1048 909 Philippenses
1074 824 1133 910 (l).

258 1024 290 1087 l.
305 1024 351 1086 De
363 1022 490 1087 ecclesie
507 1021 721 1106 Philippensis
733 957 1026 1110 priurordiishllrbs
1035 1026 1175 1112 Philippi
1189 1028 1223 1093 in
1235 1028 1346 1094 Macc-

214 1123 323 1207 donia,
337 1124 498 1189 infinibus
511 1124 652 1188 Thracica
665 1124 737 1206 sita,
751 1124 838 1190 hunc
849 1135 1018 1191 consecuta
1031 1136 1077 1192 est
1088 1128 1245 1194 honorem
1259 1130 1346 1216 quod

213 1229 248 1290 in
264 1249 302 1291 ea
317 1227 436 1291 Paulus
451 1226 699 1312 primam'suam
714 1227 878 1312 Evangelii
894 1228 927 1309 in
943 1228 1070 1314 Europa
1085 1231 1346 1315 praedicationem

133 1374 140 1383 ·
213 1329 338 1395 babuit.
364 1331 462 1394 Divus
484 1330 615 1413 Paulus,
642 1340 952 1416 quum,‚peragrata
975 1331 1063 1417 Asia,
1085 1332 1262 1398 seeundum
1286 1337 1346 1400 iter

213 1435 423 1519 apostolicum
437 1442 687 1519 prosequeretur
701 1431 852 1497 divinitus
867 1432 1060 1518 admonitus,
1073 1456 1138 1499 una
1151 1457 1225 1502 eum
1240 1439 1343 1519 sociis,

1427 940 1572 1082 ,sss

131 1620 135 1625 ν
214 1541 248 1602 in
268 1537 490 1603 Macedoniam
505 1539 604 1620 venit,
619 1537 785 1623 Philippos
804 1535 894 1621 adiit,
921 1537 1030 1624 ibique
1050 1540 1261 1625 Evangelium
1284 1562 1343 1625 pro
1412 1554 1415 1558 “
1529 1546 1531 1551 ’

213 1663 305 1707 more
329 1663 387 1706 suo
410 1642 553 1726 primurn
576 1639 694 1704 ludaeis
723 1637 906 1725 predicavit
942 1650 974 1727 et
998 1642 1190 1809 muffiem,
1215 1645 1345 1707 nomine

215 1743 360 1830 Lydiam,
383 1765 456 1808 cnm
475 1745 562 1808 omni
579 1742 677 1807 domo
693 1764 750 1807 sua
770 1742 950 1827 baptizavit.
971 1744 1045 1825 Quu
1116 1755 1204 1810 ntem
1227 1748 1345 1812 Paulus
1440 1733 1445 1741 ¹

212 1848 343 1933 publice
361 1847 556 1913 daemonium
573 1845 741 1911 fatidicum
765 1844 909 1931 ejecisset
926 1868 964 1909 ex
980 1847 1169 1913 muliercula
1188 1847 1341 1934 quadam,

211 1973 284 2037 quae
299 1949 474 2016 divinando
488 1959 644 2036 questum
656 1969 721 2013 non
734 1946 931 2012 mediocrem
943 1948 1099 2013 afferebat
1113 1947 1251 2014 dominis
1267 1952 1342 2035 suis3

210 2055 258 2118 illi
275 2055 529 2139 persecutionem
545 2061 715 2117 moverunt
728 2049 881 2116 adversus
893 2052 1043 2137 Paulum,
1062 2054 1117 2140 qui
1133 2075 1152 2117 a
1171 2055 1344 2139 magistra-

209 2157 295 2222 tibus
317 2178 391 2225 curn
414 2155 485 2242 ejus
506 2157 592 2221 socio
616 2155 682 2220 Sila
705 2156 738 2219 in
761 2175 923 2220 carcerem
948 2153 1111 2241 conjectus
1134 2155 1204 2220 fnit.
1239 2155 1342 2222 Media

209 2271 319 2325 autem
343 2269 449 2343 nocte,
474 2259 580 2323 subito
604 2260 716 2345 ingens
738 2257 843 2322 fectus
858 2267 905 2321 est
922 2265 1131 2342 terremotus,
1155 2281 1219 2344 qno
1231 2259 1290 2344 jan
1316 2281 1342 2323 ae

210 2365 348 2428 carceris
360 2364 529 2448 patefacta
545 2362 675 2425 luerunt
687 2369 719 2425 et
732 2362 932 2445 captivorum
949 2361 1076 2426 vincula
1094 2362 1209 2435 soluta.
1225 2283 1342 2427 Cal&-

209 2468 324 2549 rarius,
339 2487 357 2531 e
370 2486 484 2529 somno
500 2465 653 2529 excitatus
666 2472 698 2527 et
710 2464 952 2527 omnesvinctos
962 2463 1109 2547 effugisse
1121 2472 1219 2544 ratus,
1234 2463 1343 2548 gladio

208 2582 322 2634 necem
345 2568 404 2633 sibi
428 2569 548 2632 inferre
567 2566 707 2631 volebat.
731 2563 795 2630 Sed
819 2566 939 2629 Paulus
953 2556 973 2649 ,'
988 2564 1158 2630 ostendens
1180 2566 1343 2652 aufugisse

209 2673 383 2752 neminem,
403 2691 478 2734 eum
496 2667 674 2754 impedivit,
695 2668 741 2731 illi
765 2666 946 2733 doctrinam
970 2668 1177 2733 christianam
1197 2671 1342 2754 exposuit

208 2795 349 2860 eumque
374 2750 547 2858 baptizarit
569 2793 644 2837 cum
668 2770 766 2836 domo
800 2792 858 2835 sua
877 2771 941 2857 (l),
963 2772 1110 2836 Ecclesia
1128 2772 1342 2857 Philippensis

208 2898 292 2967 nova
305 2877 410 2940 statim
423 2877 519 2961 eoepit
530 2877 740 2939 incrementa.
755 2873 874 2938 Paulus
886 2883 997 2958 postea
1007 2873 1228 2959 Philippenses
1242 2876 1342 2939 semel
1443 2937 1447 2945 .

208 3000 247 3043 ae
262 2979 377 3043 iterum
393 2978 529 3043 visitarit
545 2978 605 3063 (5),
623 2988 655 3042 ct
672 3000 737 3056 non
755 2986 801 3042 est
818 2975 954 3042 dubium
973 2978 1052 3062 quin
1070 2978 1132 3043 boc
1154 2977 1230 3042 fidei
1253 2977 1340 3044 dila-

207 3079 313 3145 tandae
327 3082 466 3146 multum
482 3054 825 3168 proluerithcetemm,
841 3102 906 3167 quo
919 3090 1063 3165 tempore
1079 3082 1196 3166 scripta
1212 3091 1258 3146 cst
1272 3083 1340 3147 haec

207 3185 359 3270 Epistola,
376 3185 597 3270 Philippenses
608 3185 679 3269 jam
693 3185 848 3250 coaluisse
864 3186 897 3248 in
908 3183 1033 3270 justum
1051 3185 1193 3256 ecclesie
1209 3205 1338 3271 corpus,

190 3286 240 3351 :td
265 3287 395 3374 quidem
421 3291 496 3354 satis
519 3288 613 3354 docet
636 3291 705 3375 ipsa
740 3290 889 3374 Epistulas
921 3291 1084 3374 inscriptio
1112 3308 1123 3353 s
1156 3289 1277 3355 Pettius
1311 3301 1339 3353 et

210 3390 393 3466 Tirtrotheus,
417 3390 555 3455 otnstihas
577 3392 697 3455 Sutsctis
713 3390 745 3455 he
765 3389 890 3457 Christe
910 3394 994 3466 Jcsu,
1010 3394 1065 3478 qui
1077 3403 1149 3456 seat
1163 3391 1335 3477 Philippis,

206 3513 273 3553 cuns
293 3495 440 3577 episeopis
463 3505 491 3556 et
505 3494 689 3558 diaconibus.
716 3494 857 3558 Ecclesia
873 3516 970 3580 porro
989 3494 1213 3580 Philippensis,
1233 3497 1340 3559 maxi-

207 3584 294 3661 mam
319 3594 451 3680 quidem
475 3605 612 3681 partem,
637 3618 677 3662 ex
700 3596 878 3662 Gentilibus
898 3599 1064 3682 coaluerit,
1084 3606 1238 3682 attamen,
1264 3618 1339 3662 cum

205 3698 288 3761 inter
311 3699 397 3762 cives
418 3691 639 3784 Philippenses
660 3701 756 3764 etiam
781 3709 885 3764 essent
906 3699 1009 3764 Judaei
1032 3692 1104 3786 (h),
1125 3722 1268 3799 pronum
1292 3711 1340 3765 est

198 3798 361 3885 judicare,
376 3804 474 3867 etiam
491 3804 609 3867 borum
621 3804 792 3868 nonnullos
807 3803 904 3868 fuisse
919 3804 974 3890 qui
989 3803 1111 3868 Christo
1130 3822 1248 3868 nomen
1262 3813 1339 3868 tunc

203 3900 364 3968 dederint.
426 3987 430 3992 ἡ

236 4101 273 4164 (r)
285 4101 337 4151 arr.
354 4103 457 4165 seren,
469 4082 644 4156 commenias
661 4105 689 4156 a
701 4105 787 4171 sper.
804 4107 839 4157 ae
852 4106 1042 4173 Philippenses.
1059 4106 1172 4172 mona,
1194 4105 1266 4159 rese.

237 4182 340 4246 (ema.
356 4184 420 4243 xvi,
433 4184 521 4237 tem.

237 4263 476 4328 (secanae-r.

238 4347 420 4414 messan,
433 4351 473 4400 rs.
