3168 4948
285 267 347 330 ⁸278
508 280 707 324 rnrronnorro
725 284 871 327 srrcnns
887 287 919 328 nr
937 286 962 328 s.
981 284 1180 328 scarrrnaan.

284 349 503 449 liceslinimici
526 381 640 444 anima
661 392 782 466 vestrae,
801 405 872 470 quae
890 406 1033 471 unquam
1054 386 1165 448 litterae
1183 383 1285 446 ullum
1302 382 1414 446 habe-

285 487 365 550 bunt
385 482 510 570 pondus
526 485 731 568 auctoritatis,
750 487 775 548 si
795 488 998 571 evangelica,
1016 487 1042 550 si
1061 485 1240 571 apostolica
1260 505 1325 548 non
1343 485 1413 548 ha-

285 588 433 653 bebunt?
463 589 509 650 De
533 608 596 671 quo
621 588 703 652 libro
732 599 854 654 certum
875 592 933 655 erit
956 588 1046 675 cujus
1070 592 1120 672 sit,
1146 591 1170 652 si
1191 589 1302 652 litterae
1326 609 1412 673 quas

285 691 511 775 Apostolorum
523 688 600 752 dicit
612 699 643 752 et
655 699 740 754 tenet
751 692 902 772 Ecclesia,
916 691 957 755 ab
969 691 1045 776 ipsis
1058 690 1216 775 Apostolis
1230 698 1412 774 propagata

286 804 316 857 et
332 815 389 878 per
404 813 514 856 omnes
527 801 636 876 gentes
653 802 740 857 tanta
762 795 933 859 eminentia
948 792 1122 875 declarata,
1141 801 1248 855 utrum
1265 790 1412 875 Aposto-

284 900 388 962 lorum
414 898 474 960 sint
496 897 652 960 incertum
677 906 722 960 est
734 897 790 961 ?...
810 899 974 981 Platonis,
998 897 1197 978 Aristotelis,
1220 894 1409 991 Ciceronis,

285 1001 448 1080 Varronis,
462 1001 663 1085 aliorumque
679 999 837 1087 ejusmodi
852 1011 1019 1067 auctorum
1036 999 1145 1080 libros,
1159 997 1245 1062 unde
1261 998 1414 1062 noverint

283 1105 428 1167 homines
443 1100 530 1188 quod
542 1103 683 1186 ipsorum
700 1104 772 1186 sint,
788 1104 848 1167 nisi
863 1103 976 1167 eadem
994 1112 1175 1187 temporum
1191 1101 1316 1168 sibimet
1331 1122 1412 1165 suc-

284 1206 463 1270 cedentium
478 1207 704 1270 contestationc
720 1207 893 1271 continua?
907 1208 997 1271 Multi
1010 1206 1110 1269 multa
1124 1203 1164 1269 de
1178 1205 1289 1268 litteris
1302 1205 1411 1268 eecle—
1506 1252 1510 1261 r

284 1310 413 1373 siasticis
438 1308 703 1391 conscripserunt,
727 1330 792 1372 non
816 1308 947 1395 quidem
967 1309 1153 1372 auctoritate
1177 1307 1331 1371 canonica
1351 1304 1411 1370 sed

283 1413 391 1496 aliquo
407 1408 582 1495 adjuvandi
598 1409 714 1493 studio,
732 1413 797 1475 sive
810 1410 965 1476 discendi.
982 1409 1074 1474 Unde
1088 1418 1210 1474 constat
1224 1406 1300 1494 quid
1317 1407 1415 1493 cujus

283 1517 332 1598 sit,
351 1515 409 1577 nisi
426 1515 502 1599 quia
524 1513 573 1576 his
595 1514 802 1598 temporibus,
822 1515 938 1601 quibus
964 1536 1002 1579 ea
1018 1515 1153 1600 quisque
1174 1513 1309 1596 scripsit,
1332 1511 1411 1597 qui-

282 1617 342 1679 bus
367 1616 468 1700 potuit
485 1615 655 1678 insinuavit
678 1625 772 1701 atque
793 1615 903 1699 edidit,
923 1626 954 1680 et
970 1615 1043 1680 inde
1062 1616 1094 1678 in
1110 1615 1189 1678 alios
1208 1623 1304 1700 atque
1328 1614 1411 1676 alios

283 1721 465 1783 continuata
489 1718 598 1781 notitia
622 1719 779 1803 latiusque
803 1719 928 1784 firmata
949 1718 990 1782 ad
1007 1727 1162 1804 posteros,
1190 1716 1285 1779 etiam
1304 1736 1409 1799 usque

282 1821 324 1885 ad
337 1831 443 1885 nostra
459 1831 603 1905 tempora
620 1831 843 1904 pervenerunt,
859 1824 901 1886 ita
917 1832 952 1885 ut
967 1821 1150 1904 interrogati
1163 1817 1254 1904 cujus
1271 1819 1411 1904 quisque

282 1925 364 1988 liber
388 1927 426 1988 sit
454 1947 517 1988 non
543 1924 722 1988 haesitemus
745 1924 823 2009 quid
847 1923 1041 2009 respondere
1064 1922 1238 1987 debeamus
1252 1920 1307 1985 i...
1331 1921 1410 1986 Haee

284 2049 356 2090 enm
382 2029 425 2090 ita
447 2028 519 2108 sint,
538 2028 609 2111 quis
632 2037 719 2091 tanto
744 2027 852 2092 furore
874 2024 1010 2092 caecatur
1030 2027 1085 2112 qui
1108 2023 1192 2089 dicat
1210 2025 1272 2088 hoc
1290 2024 1410 2087 mereri

283 2153 347 2196 non
363 2134 500 2217 potuisse
518 2132 744 2217 Apostolorum
761 2124 948 2215 Ecclesiam,
965 2141 1030 2194 tam
1047 2128 1157 2210 fidam,
1173 2139 1238 2192 tam
1254 2150 1409 2194 numero-

282 2256 351 2297 sam
369 2235 505 2298 fratrum
526 2233 745 2315 coneordiam,
759 2244 918 2298 uteorum
933 2235 1049 2319 scripta
1061 2231 1196 2295 fideliter
1209 2230 1251 2295 ad
1264 2241 1411 2316 posteros

282 2338 452 2423 trajiciant,
470 2360 543 2402 eum
562 2360 673 2402 corum
692 2337 860 2404 cathedras
879 2359 979 2424 usque
996 2336 1038 2401 ad
1054 2346 1222 2421 praesentes
1241 2337 1412 2420 episcopos

284 2441 458 2503 certissima
481 2434 678 2504 successione
702 2442 915 2522 servaverint,
940 2459 1014 2503 cnm
1038 2438 1099 2501 hoc
1123 2438 1410 2522 qualiumcumque

282 2543 450 2605 hominum
473 2543 607 2626 seriptis,
633 2543 697 2605 sive
720 2549 808 2604 extra
824 2542 1011 2626 Ecclesiam,
1030 2541 1095 2605 sive
1113 2539 1146 2603 in
1162 2541 1228 2624 ipsa
1250 2539 1408 2618 Ecclesia,

284 2654 370 2708 tanta
391 2643 541 2709 facilitate
559 2640 752 2727 proveniat?
771 2667 787 2702 i>

514 2948 570 3015 lll.
600 2945 738 3025 Quotuor
758 2947 924 3033 Evangelio
947 2958 1017 3012 sunt
1041 2949 1169 3031 integro.

328 3266 359 3327 1.
377 3264 418 3327 Ut
441 3262 691 3347 difficultatibus,
708 3284 779 3348 qnae
797 3285 835 3327 ex
853 3266 948 3329 variis
972 3271 1074 3327 textus
1095 3262 1270 3346 evangelici
1292 3261 1413 3325 lectio-

285 3366 378 3430 nibus
398 3365 467 3429 ficri
478 3375 617 3449 possent,
635 3367 687 3442 via
701 3365 805 3429 statim
819 3365 1044 3450 praeludatur,
1063 3362 1284 3448 distinguimus
1299 3361 1413 3448 dupli—

285 3488 356 3532 cem
379 3467 590 3552 integritatem
612 3488 619 3529 :
641 3465 875 3532 Substantialem
898 3488 1026 3552 nempe,
1053 3487 1124 3552 quae
1146 3466 1336 3533 narrationis
1354 3476 1413 3530 aut

175 3595 177 3598 ’
285 3568 436 3633 doctrine
448 3568 668 3650 substantiam,
679 3569 900 3641 occidentatem,
911 3590 981 3656 quae
994 3569 1204 3632 minutissima
1217 3569 1412 3637 narrationis

284 3682 339 3736 aut
363 3671 516 3739 doctrinae
532 3667 683 3756 adjuncta
704 3680 835 3756 spectat.
857 3671 993 3754 Quando
1010 3690 1250 3757 propugnamus
1269 3680 1411 3757 quatuor
1493 3712 1497 3713 ν

283 3773 456 3858 Evangelia
472 3773 594 3836 nullam
609 3775 886 3858 interpolationem
901 3784 955 3838 aut
972 3774 1205 3839 mutilationem
1216 3794 1310 3859 passa
1325 3794 1407 3856 esse,

283 3876 339 3941 sed
354 3877 542 3951 remansisse
561 3896 690 3960 prorsus
710 3877 845 3961 integra,
867 3875 907 3940 de
923 3876 1101 3961 integritate
1117 3875 1323 3949 substantiali,
1342 3896 1410 3939 non

275 3972 389 4041 ‘autem
412 3977 587 4045 occidentali
607 3980 742 4062 agimus.
762 3979 972 4064 Nequaquam
996 3979 1091 4063 igitur
1109 3997 1263 4061 negamus
1281 3978 1410 4064 aliquas

282 4099 376 4155 voces
391 4087 446 4156 aut
460 4078 630 4163 particulas
648 4080 681 4141 in
699 4087 786 4142 textu
802 4080 986 4163 evangelico
1003 4087 1058 4142 aut
1078 4086 1217 4142 mutatas
1239 4078 1335 4142 fuisse
1352 4087 1409 4142 ant

284 4181 379 4245 etiam
395 4179 536 4265 adjectas
550 4182 601 4244 vel
618 4204 636 4246 e
660 4192 769 4246 contra
793 4184 936 4247 omissas.
962 4183 1166 4247 Admittimus
1183 4181 1272 4247 baud
1288 4202 1410 4268 paucas

283 4281 434 4346 lectiones
448 4285 606 4347 variantes
621 4305 697 4349 casu
712 4293 766 4348 ant
778 4286 970 4373 negligentia
981 4286 1224 4364 amanuensium
1238 4287 1272 4351 in
1285 4295 1408 4351 textum
