3168 4948
309 340 382 382 raas
397 342 430 383 n.
450 343 543 386 cerer
558 345 604 387 n1.
620 345 658 386 nn
670 310 1011 405 oarcrndmauaromr.
1025 342 1069 385 rv.
1083 341 1212 386 avanae.
1261 325 1324 388 285

3 460 5 463 ·
114 521 117 526 Ι
198 437 342 502 divinam
365 438 478 506 Christi
501 444 697 507 nativitatem
722 466 762 532 ex·
777 418 898 526 virgine
918 439 1061 503 confiteri
1075 442 1227 506 nolebant
1241 469 1250 527 3
1268 442 1324 507 scd

197 542 257 625 ipsi
272 542 391 624 seipsos
405 510 644 709 adultdpdp‘ionis
659 568 731 610 reos
748 518 929 631 p‘rhidebant
949 543 1157 626 Evangelium
1175 547 1220 608 sic
1239 547 1323 610 inci-

197 643 316 728 piendo
337 665 346 705 t
375 646 412 706 lu
432 646 553 711 dicbus
583 649 692 722 erodis,
711 652 790 733 repis
811 646 936 717 Jccdaeoe,
959 643 1135 728 factumest
1159 658 1191 708 ut
1211 650 1324 711 ueniret

198 747 333 808 Joarcaes
349 745 519 828 baptizans,
544 757 625 832 etc,
651 769 715 812 non
737 744 1025 811 animadvertentes
1043 744 1128 808 hunc
1145 745 1321 830 Herodem,

131 879 133 882 >
198 846 316 910 Judaeae
339 868 461 932 regem,
481 847 609 934 jamdiu
629 848 817 914 defunctum
838 839 928 940 esst}
944 865 1043 929 quum
1067 846 1206 910 loannes
1229 870 1322 912 suum

198 952 402 1034 precursoris
425 973 541 1015 munus
564 955 744 1037 auspicatus
774 962 831 1016 est.
859 950 921 1013 Alii
949 957 1056 1012 autem
1089 950 1250 1031 haeretici,
1289 961 1324 1016 ut

198 1053 364 1120 Corinthus
393 1055 461 1118 haec
482 1056 585 1139 capita
606 1066 821 1120 servaverant.
893 1066 897 1089 ¹
973 1072 975 1075 ’
1364 1088 1405 1173 q
1464 1110 1482 1131 f

140 1241 143 1244 Δ
242 1158 295 1220 11.
315 1158 353 1220 Et
382 1179 476 1222 evera
491 1168 655 1223 contextus
668 1160 817 1223 orationis
836 1159 890 1222 illa
905 1156 1094 1243 expostulat.
1113 1156 1221 1222 Verba
1237 1160 1322 1222 enim
1355 1116 1553 1245 ..312de
1561 1202 1571 1225 0

198 1278 270 1342 cap.
291 1259 347 1337 Ill,
371 1260 387 1322 1
415 1262 478 1323 sla
500 1260 602 1326 diebus
622 1272 719 1325 autem
742 1260 804 1326 iliis
824 1263 959 1324 innuunt
976 1258 1098 1344 aliquid
1113 1262 1319 1343 praeecssisse.

197 1360 292 1443 Quod
315 1361 454 1448 denique
476 1374 607 1453 urgetur
631 1365 790 1430 silentium
815 1365 1065 1449 Apostolorum,
1092 1363 1169 1425 nihil
1192 1365 1318 1448 probet.

196 1464 279 1527 Nam
294 1465 436 1550 Apostoli
453 1468 563 1531 litteris
579 1490 641 1532 non
659 1460 892 1532 mandaverunt
910 1466 1091 1530 universam
1107 1487 1219 1529 eorum
1235 1489 1322 1551 pra-

197 1565 403 1651 dicationem,
419 1568 473 1633 sed
487 1570 635 1654 quaedam
648 1569 849 1635 solummodo
862 1568 1012 1655 dogmata
1025 1577 1119 1652 prout
1131 1568 1321 1653 exposcebat

197 1669 342 1743 fidelium
364 1672 553 1764 necessitaffl
575 1673 608 1736 Si
635 1683 741 1737 autem
764 1670 944 1737 attendatur
968 1692 1064 1758 quam
1090 1692 1171 1755 saepe
1199 1674 1319 1758 antiqui

197 1773 308 1837 Patres
320 1773 362 1836 ad
375 1775 539 1840 historiam
552 1775 720 1841 nativitatis
736 1783 921 1861 provocant,
936 1773 1071 1837 dubium
1084 1795 1146 1837 non
1161 1776 1220 1838 crit
1231 1774 1319 1860 Apo-

195 1875 292 1939 stolos
308 1897 380 1940 eam
394 1876 560 1942 tradidisse
578 1879 729 1943 ecclesiis.

240 1979 293 2042 tr.
313 1981 390 2044 last.
408 1979 453 2044 2⁰.
478 1978 622 2045 Genuina
645 2002 709 2044 non
732 1989 805 2044 sunt
827 1999 898 2065 quae
922 1979 1072 2063 leguntur
1095 1978 1197 2056 capite
1221 1979 1318 2043 Marci

104 2148 107 2151 ,
194 2080 341 2145 ultimoa
360 2103 442 2146 vers.
464 2081 540 2147 aad
555 2082 664 2147 finem.
685 2083 808 2147 Etenim
824 2082 893 2145 haec
908 2079 1023 2145 desunt
1041 2081 1073 2142 in
1093 2081 1319 2169 antiquissimis
1366 2115 1519 2187 (Α

195 2182 359 2248 codicibus
376 2185 530 2250 Vaticano
546 2184 573 2248 B
591 2195 622 2249 et
643 2185 805 2268 Sinaitico,
827 2185 860 2248 in
881 2181 991 2247 codice
1012 2182 1154 2246 Parisino
1173 2185 1196 2246 L
1214 2186 1317 2255 octavi
1407 2259 1413 2271 ι

194 2288 313 2371 saeculi,
322 2289 355 2351 in
369 2288 478 2353 codice
492 2288 662 2354 Bohbiensi
674 2288 827 2353 versionis
838 2288 936 2367 ltalae,
946 2288 978 2349 ia
991 2284 1153 2351 codicibus
1166 2288 1318 2351 versionis

194 2391 385 2454 armeniacae
413 2390 548 2473 Venetis,
574 2392 726 2455 versionis
748 2389 885 2453 arabicae
912 2387 1083 2453 Vaticanis.
1110 2388 1147 2450 ln
1171 2388 1317 2472 pluribus

196 2490 360 2556 codicibus
390 2493 575 2557 minusculis
605 2503 638 2556 et
668 2493 700 2556 in
725 2493 870 2576 margine
893 2499 1062 2554 annotatur
1084 2510 1121 2553 cn
1151 2487 1260 2554 deesse
1284 2493 1317 2555 in

75 2595 79 2601 '
194 2593 362 2668 rechabitis,
387 2598 419 2659 in
435 2599 581 2681 antiquis,
602 2597 635 2659 in
657 2595 891 2660 accuratioribus
907 2590 1082 2658 codicibus.
1099 2587 1153 2656 isti
1165 2578 1316 2657 'versiculi

56 2686 63 2693 “
151 2699 154 2703 ’
194 2718 259 2760 non
275 2695 456 2761 indicantur
468 2699 501 2762 in
516 2698 694 2762 canonibus
705 2697 832 2762 Eusebii
847 2706 877 2760 et
890 2698 921 2759 in
933 2684 1333 2760 sectionibus‘Ammoniis

193 2798 339 2884 Denique
359 2799 523 2883 Eusebius,
549 2800 658 2867 Victor
679 2799 897 2865 Antiochenus
921 2808 952 2862 et
974 2797 1207 2882 Hieronymus,
1233 2786 1326 2862 hanc*

193 2903 382 2965 sententiam
399 2901 601 2967 confirmant.
620 2903 668 2967 Ita
685 2900 951 2966 Tischendorfius.

141 3047 144 3055 .
238 3003 290 3068 15.
312 3005 402 3091 Rerp.
430 3006 476 3081 Ex
498 3005 737 3071 auctoritatibus
761 3004 802 3069 ah
822 3007 891 3089 ipso
914 3000 1150 3068 Tischendoriio
1171 3000 1317 3065 indicatis

193 3106 383 3170 sententiam
400 3107 460 3192 ipsi
475 3107 654 3192 oppositam
671 3107 906 3191 amplectimur.
925 3104 1049 3168 Etenim
1065 3122 1175 3166 omnes
1191 3101 1316 3166 codices

176 3205 347 3292 unciales,
372 3210 511 3294 exceptis
532 3209 633 3273 tribus
656 3207 819 3273 codicibus
842 3229 939 3292 supra
962 3205 1175 3287 enumeratis,
1205 3224 1316 3269 omncs

192 3309 331 3395 antique
349 3312 520 3393 versiones,
546 3312 620 3375 i⁸ala
644 3312 790 3396 (excepto
817 3307 927 3375 codice
950 3306 1147 3392 Bobbiensi),
1165 3306 1314 3391 Vulgata,

193 3414 315 3497 syriaca
333 3413 488 3498 Simplex,
506 3397 722 3479 ¹Curetoniana
742 3424 774 3478 et
791 3413 958 3498 posterior,
979 3413 1113 3496 coptica,
1136 3411 1313 3495 aethiopica,

157 3563 158 3567 ,
190 3514 330 3598 gothica,
350 3515 478 3580 arabica
498 3525 531 3579 et
554 3518 748 3598 annaniaca,
776 3524 871 3600 prout
889 3513 981 3579 edite
1006 3522 1079 3577 sunt
1094 3534 1159 3577 non
1181 3534 1258 3585 vero
1281 3514 1315 3576 in

190 3613 287 3679 codd.
303 3615 444 3698 Venetis,
464 3616 549 3681 hanc
572 3618 746 3702 pericopen
760 3616 892 3703 babent.
908 3615 1038 3681 Codices
1054 3616 1222 3679 minusculi
1241 3636 1315 3678 om-

191 3738 259 3800 nes,
286 3717 343 3782 etsi
362 3718 494 3804 quidam
517 3720 549 3782 in
573 3721 717 3805 margine
746 3729 900 3784 annotant
925 3720 984 3783 hos
1009 3718 1182 3782 versiculos
1206 3718 1256 3781 vel
1281 3721 1314 3781 in

166 3900 170 3905 ,
191 3819 358 3894 aauuallic,
374 3822 427 3884 vel
443 3822 477 3885 in
494 3825 639 3907 antiquis,
652 3823 704 3886 vel
718 3823 750 3885 in
766 3822 997 3886 accuratioribus
1011 3820 1173 3886 codicibus
1190 3818 1311 3899 deesse,

122 3922 124 3927 ’
189 3942 246 3986 eos
261 3930 369 4005 tamen
381 3924 548 4008 rccipiunt.
563 3923 615 3988 Ad
630 3927 739 3989 Patres
754 3924 841 4009 quod
860 3926 981 4006 attinet,
997 3925 1127 3988 omnino
1140 3924 1313 4007 prevalere

103 4109 106 4113 1
190 4020 287 4086 debet
303 4025 475 4088 auctoritas
488 4045 601 4089 eorum
622 4026 676 4110 qui
692 4026 763 4090 illos
782 4026 953 4089 versiculos
974 4025 1140 4110 rccipiunt.
1157 4022 1313 4107 Allegaa-

191 4134 243 4188 tur
266 4126 352 4188 enim
369 4126 418 4189 isti
436 4127 581 4190 versiculi
594 4127 637 4191 ab
657 4128 790 4210 Irenaeo,
812 4128 854 4192 ab
869 4127 1044 4213 Aphraate‚
1064 4126 1106 4192 ab
1123 4127 1311 4211 Augustino,

40 4248 43 4252 ⁴
152 4260 154 4263 ·
191 4248 212 4290 a
229 4225 363 4291 cesario
381 4228 726 4315 Constantinopolitano
741 4256 750 4313 ;
767 4232 946 4317 allegantur
960 4230 993 4293 in
1010 4230 1142 4315 Synopsi
1165 4229 1314 4293 Athana-

191 4330 292 4413 siana,
306 4328 631 4396 inConstitutionibus
647 4335 839 4419 apostolicis,
850 4335 892 4398 -in
907 4335 991 4399 libro
1008 4331 1048 4398 de
1064 4332 1312 4400 charismatibus
