3166 4958
242 298 306 365 178
475 320 675 363 rnraooucrlo
691 320 837 363 stacteus
853 320 885 361 m
901 319 927 362 S.
948 318 1146 361 scalarum.

242 417 388 482 Clemens
408 419 585 498 Romanus,
602 418 752 500 Irenaeus,
767 416 989 499 Tertullianus,
1009 416 1193 501 Cyprianus,
1210 411 1371 500 Hippoly-

242 531 303 604 tus,
321 522 472 603 Hilarius,
490 522 714 607 Hieronymus,
734 521 879 586 Clemens
894 522 961 604 At,
979 520 1145 605 Eusebius,
1161 519 1369 601 Athanasius,

242 625 307 705 alii,
327 619 506 708 fragmenta
522 625 661 688 Danielis
675 624 846 709 Scripturis
859 622 973 688 divinis
986 631 1211 688 annumerant.
1229 621 1373 705 Longius

243 747 426 811 progressus
440 726 593 812 Origenes
607 728 771 791 historiam
785 726 936 790 Susanna
953 735 1064 790 contra
1079 727 1270 790 Africanum
1290 744 1375 786 ner-

243 851 318 893 vose
334 827 477 893 defendit
497 840 527 895 et
547 831 580 893 in
605 839 803 894 antecessum
829 830 921 894 solvit
938 851 1049 893 omnes
1069 827 1270 893 difficultates
1288 839 1374 912 quas

243 929 339 1001 hodie
363 941 493 996 movent
508 932 692 997 adversarii.
711 934 900 1018 Hippolytus
923 943 1030 997 autem
1051 917 1084 995 ἰιιΙ
1103 930 1252 996 eamdem
1268 930 1374 992 histo-

243 1034 325 1097 riam
351 1036 478 1129 egregia
512 1037 739 1100 commentaria
777 1034 886 1099 edidit.
918 1036 1029 1099 Merito
1063 1035 1157 1119 igitur
1189 1034 1374 1118 fragmenta

244 1135 382 1199 Danielis
399 1136 481 1200 inter
496 1137 674 1223 Scripturas
689 1136 813 1201 divinas
829 1147 1028 1223 reponuntur
1043 1135 1103 1221 (l).

531 1568 533 1571 ·
642 1544 809 1623 CAPUT
834 1544 975 1622 XXIV.

475 1800 513 1841 oe
532 1798 685 1841 ouonncnu
702 1797 866 1841 raornmrs
882 1798 1060 1840 mnonrnus.
1082 1777 1141 1864 (ἢ).

100 1889 190 1998 ,at

274 1960 324 2086 Q.
343 1994 495 2076 Quamvis
507 2015 567 2080 par
579 1995 617 2057 sit
634 1993 778 2058 omnium
790 1994 1022 2077 Prophetarum
1036 1997 1211 2066 auctoritas,
1222 2018 1260 2061 ac
1272 1973 1379 2082 digni·

250 2109 309 2183 tas,
333 2101 456 2163 ratione
478 2108 587 2164 tamen
606 2098 715 2162 hahita
735 2096 954 2182 amplitudinis
975 2106 1005 2161 et
1022 2097 1183 2163 brevitatis
1203 2102 1376 2166 vaticinio-

249 2224 334 2285 rum,
356 2203 390 2266 in
410 2204 476 2286 Maj
476 2223 541 2266 ores
564 2200 801 2285 distinguuntur
823 2208 854 2263 et
870 2202 1012 2274 Minores,
1032 2222 1170 2286 quorum
1188 2224 1252 2267 non
1267 2203 1377 2266 minor

248 2315 295 2369 est
309 2306 490 2386 auctoritas,
506 2303 563 2368 scd
578 2304 683 2367 minor
698 2304 902 2366 oraculorum
916 2302 1151 2402 amplitudo.)

259 2392 325 2493 (2.
344 2406 520 2471 Duodecim
536 2407 770 2491 Prophetarum
787 2405 945 2468 Minorum
965 2406 1113 2470 vaticinia
1125 2405 1195 2493 jam
1221 2410 1255 2472 in
1270 2392 1374 2473 unum
1431 2396 1435 2401 ¹

107 2497 127 2577 d
137 2496 155 2566 i
175 2487 197 2572 7
249 2509 400 2571 volumen
414 2510 546 2572 collecta
558 2508 795 2571 fuerantautct
796 2528 926 2590 empore
942 2509 1079 2572 auctoris
1095 2509 1314 2592 Ecclesiastici,
1337 2519 1375 2574 ut

250 2620 373 2675 constat
404 2634 443 2675 ex
467 2633 538 2696 cap.
564 2611 689 2692 XLIX,
726 2611 801 2673 12:
824 2611 866 2672 Et
887 2610 1040 2673 duodecim
1061 2610 1287 2697 Prophetarum
1302 2635 1377 2677 ossa
1497 2661 1502 2667 .

247 2711 399 2797 pullulent
416 2713 451 2776 de
467 2712 529 2777 loco
543 2735 596 2778 suo
614 2738 623 2776 .·
642 2734 714 2774 uam
730 2711 995 2776 corroboraverunt
1017 2712 1121 2787 Jacob,
1141 2726 1169 2777 et
1185 2714 1376 2778 redemerunt

249 2836 281 2879 se
298 2818 330 2878 irc
347 2817 406 2900 fide
424 2818 542 2880 virtutis
558 2838 574 2896 ,·
594 2815 626 2879 S.
646 2815 825 2900 Stephanus
842 2815 983 2899 allegans
1001 2815 1083 2901 (Act⁸
1103 2816 1174 2901 VII,
1194 2817 1249 2902 la)
1264 2819 1376 2903 aliqua

251 2916 360 2981 Amasi
377 2917 487 3002 verba,
508 2919 551 2982 ait
569 2939 601 2981 se
618 2939 656 2981 ea
676 2916 888 3001 desumpsisse
915 2938 933 2980 e
959 2916 1034 2980 libro
1058 2919 1294 3002 Prophetarum.
1322 2919 1376 2985 Ab

250 3041 289 3084 eo
313 3029 456 3107 tempore
479 3020 513 3084 in
536 3020 684 3084 omnihus
707 3019 878 3105 Scriptura
902 3019 1076 3083 canonibus
1109 3020 1170 3083 XII
1208 3021 1377 3107 Prophetae
1562 3078 1563 3083 ,

251 3124 388 3188 Minores
405 3125 551 3188 recensiti
568 3125 699 3188 fuerunt
713 3133 867 3209 tanquam
881 3144 983 3186 unum
996 3124 1147 3187 volumen
1160 3117 1390 3206 efformantes]
1449 3120 1453 3126 ’
1562 3120 1563 3195 ]

251 3223 314 3288 Cur
327 3233 433 3288 autem
449 3226 481 3288 in
500 3246 600 3288 unum
616 3225 767 3289 volumen
784 3223 943 3309 conjuncti
959 3224 1088 3309 luerint,
1109 3225 1192 3289 hane
1210 3225 1264 3290 dat
1276 3228 1378 3290 ratio-

252 3347 326 3389 nem
338 3327 441 3391 David
454 3328 640 3413 Kimchilh)
651 3350 659 3391 ε
671 3353 686 3387 «
701 3326 843 3390 Tradunt
857 3326 1003 3391 doctores
1023 3329 1120 3392 nostri
1134 3329 1194 3414 piae
1214 3330 1378 3393 memoriae

252 3447 320 3490 csse
332 3427 403 3492 illos
415 3430 447 3491 in
469 3450 570 3493 unum
585 3428 705 3495 librum
718 3439 855 3512 coactos,
871 3452 923 3513 ne,
942 3431 967 3493 si
983 3430 1098 3515 singuli
1115 3431 1246 3496 seorsim
1260 3420 1380 3495 mane-¹

252 3536 335 3612 rent,
349 3551 431 3593 unus
446 3539 501 3595 aut
512 3531 592 3595 alter
604 3530 647 3594 ob
660 3523 848 3617 parvitatem
861 3531 989 3616 periret.
1008 3557 1023 3593 ι

296 3633 328 3696 5.
351 3634 527 3699 Duodecim
546 3636 714 3721 Propheta
736 3636 769 3699 in
791 3644 878 3699 textu
901 3635 1041 3719 hehraeo,
1064 3636 1200 3721 Vulgata
1225 3636 1322 3700 latina
1345 3645 1380 3700 et

253 3737 398 3800 versione
421 3738 553 3822 syriaca,
578 3736 789 3822 disponuntur
815 3738 878 3801 hoc
904 3738 1027 3820 ordine,
1053 3741 1107 3825 qui
1131 3740 1278 3804 convenit
1301 3759 1378 3805 cum

254 3837 366 3903 ordine
390 3841 615 3925 chronologico
641 3862 699 3926 pro
729 3841 766 3904 iis
786 3841 898 3905 saltem
921 3842 1114 3927 Prophetis,
1138 3862 1277 3928 quorum
1302 3830 1395 3905 etas
1474 3858 1481 3873 ·

286 4091 323 4155 (l)
334 4090 429 4142 mrum
440 4091 585 4143 testimonia
600 4090 707 4141 indicata
719 4089 796 4139 ride
788 4103 814 4139 nr
829 4089 971 4141 introduct
987 4088 1050 4142 Gen
1062 4104 1086 4144 c.
1097 4089 1173 4141 lll.

288 4170 388 4235 (Deir.
408 4172 639 4223 CommeaturteS.
658 4171 769 4234 Heron,
784 4172 811 4223 S
829 4170 913 4234 cyrill.
929 4171 1012 4235 Alex„
1028 4172 1135 4236 itinera,
1152 4172 1261 4225 Cornelii
1275 4173 1377 4288 clap„

256 4253 362 4314 calmet,
373 4260 424 4303 eto.
636 4274 639 4279 ·
1163 4294 1166 4301 .

289 4337 324 4401 (5)
335 4335 439 4399 Proes.
429 4335 514 4387 taor.
