3132 4964
365 296 441 339 rans
454 296 476 338 1.
494 295 586 339 meur
599 298 687 340 xvnr.
701 298 740 341 na
752 299 914 345 enorumrs
926 301 1109 346 carmarita.
1243 282 1306 349 l'lb

173 395 299 457 tionem
313 398 444 458 cernere
457 395 667 478 nequiverunt
681 420 690 477 3
710 397 768 480 ipsi
784 417 860 482 ergo
876 397 1024 463 videntur
1040 399 1199 484 praecipuo
1222 420 1305 465 verae

173 498 353 582 prophetia
366 498 468 582 signo,
485 496 574 582 quod
590 507 635 561 cst
655 497 724 583 ejus
737 499 934 585 adimpletio,
949 503 1098 566 caruisse.
1124 499 1304 566 Difficulta-

111 652 113 657 .
173 610 242 665 tem
258 599 498 685 praesciditipse
513 601 608 664 Deus.
628 602 763 686 Etenim,
779 602 857 667 dum
874 605 1040 690 Prophetis
1056 604 1219 669 revelabat
1231 626 1303 690 quae

174 704 324 767 Messium
347 711 518 766 venturum
543 703 755 787 spectabant,
792 706 886 770 simul
920 707 984 770 alia
1014 708 1118 770 statim
1148 715 1301 771 eventura

175 805 413 870 manifestabat.
431 805 559 868 Harum
582 805 677 890 igitur
699 794 940 892 pradictionum
970 807 1157 894 adimpletio
1179 817 1300 873 certam

175 907 333 973 reddebat
342 907 603 992 adimpletionem
617 909 757 974 futuram
770 912 991 976 vaticiniorum
1001 912 1146 976 Moesiam
1158 922 1301 996 spectan-

175 1013 269 1075 tima.

187 1146 190 1153 ⁴
221 1115 274 1177 14.
289 1115 341 1178 Aa
356 1115 519 1200 Propheta
533 1116 729 1180 Hebraeorum
739 1116 933 1184 assimilandi
943 1121 1007 1182 sint
1018 1119 1133 1183 uatibus
1144 1119 1298 1203 pontium?

174 1217 403 1300 Rationalistae,
434 1227 469 1281 ut
490 1217 578 1303 quod
600 1221 842 1304 supernaturale
865 1222 946 1283 inest
967 1222 1134 1307 Prophetis
1157 1220 1300 1285 llebraeis

170 1318 339 1401 auferant,
364 1341 418 1383 eos
448 1321 623 1384 assimilant
656 1320 803 1404 vatibus,
827 1322 1020 1406 auguribus,
1046 1320 1296 1405 divinatoribus,

172 1421 361 1506 pythonissis
378 1431 408 1485 et
428 1423 564 1486 oraculis
581 1423 793 1487 ethnicorum.
812 1423 938 1505 Quanta
958 1423 1072 1510 injuria
1092 1425 1144 1488 vix
1158 1422 1299 1488 demon-

170 1523 340 1588 strandum
363 1534 420 1588 cst.
447 1526 547 1590 Tanta
570 1549 588 1590 e
612 1537 723 1591 eontra
747 1529 828 1590 inter
851 1529 958 1592 hosat
977 1530 1048 1593 illos
1068 1527 1299 1593 observabatur

171 1626 399 1712 discrepantia,
418 1637 452 1691 ut
471 1650 510 1692 ea
528 1631 612 1713 ipsos
635 1630 778 1694 ethnicos
802 1652 867 1694 non
889 1631 1025 1716 fugeret.
1044 1632 1114 1695 Nora
1133 1643 1177 1695 est
1197 1650 1298 1716 capa-
1334 1675 1340 1681 -

173 1734 258 1794 rium
281 1734 311 1793 ire
336 1730 439 1805 Jacob,
463 1732 628 1817 inquiebat
651 1733 784 1796 Balaam
802 1731 863 1818 (l),
889 1755 941 1796 aec
964 1734 1109 1796 divinatio
1131 1735 1165 1795 ire
1188 1731 1295 1796 Israel.

173 1834 371 1898 Differehant
393 1835 560 1921 Propheta
582 1835 791 1899 Hebraeorum
815 1857 835 1899 a
857 1835 982 1899 vatibus
1007 1835 1207 1899 ethnicorum
1232 1854 1296 1897 non

171 1939 278 2001 solum
291 1937 416 2002 vivendi
430 1941 563 2022 ratione,
573 1938 634 2003 sed
647 1948 678 2002 et
690 1938 845 2003 doctrina.
858 1939 897 2001 Hi
911 1938 1008 2002 falsos
1020 1936 1109 2020 deos,
1123 1938 1169 2001 illi
1183 1957 1296 2000 verum

172 2039 343 2124 colebant,
360 2042 393 2105 hi
406 2041 631 2125 idololatriam,
647 2042 692 2105 illi
704 2062 817 2106 verum
828 2043 958 2106 Jehovae
972 2042 1091 2104 cultum
1104 2039 1293 2104 suadebant.

171 2140 250 2205 Veri
278 2142 445 2227 Propheta
467 2143 595 2228 publice
617 2152 649 2206 et
680 2144 747 2206 sine
771 2142 961 2228 ambagibus
983 2162 1092 2206 coram
1113 2141 1242 2225 regibus
1265 2150 1296 2204 et

170 2244 292 2328 populo
319 2245 578 2329 vaticinabantur,
601 2245 749 2309 vaticinia
770 2266 825 2308 sua
849 2245 958 2308 litteris
978 2241 1176 2307 mandabant
1199 2243 1296 2305 etiam

123 2412 131 2427 ⁶
169 2344 366 2432 quandoque
377 2348 688 2432 assumptis'testihus
700 2357 731 2412 et
745 2347 892 2413 indicatis
910 2369 994 2412 anno
1010 2356 1041 2411 et
1055 2345 1120 2429 die,
1138 2354 1184 2428 ut,
1204 2354 1295 2430 post-

168 2471 270 2534 quam
297 2460 429 2514 eventus
459 2450 601 2536 predicti
631 2453 819 2536 evenissent,
843 2473 937 2516 nemo
969 2451 1154 2515 vaticinium
1177 2468 1296 2534 negare

169 2552 346 2637 possetffl).
364 2553 446 2617 Falsi
461 2555 628 2639 Propheta
640 2576 705 2618 non
717 2555 785 2619 ausi
800 2565 874 2619 sunt
893 2556 995 2618 ullum
1012 2553 1197 2617 vaticinium
1215 2552 1298 2615 scri-

169 2656 233 2740 ptis
249 2678 392 2720 exarare.
424 2657 550 2743 Syhillae
579 2668 686 2722 autem
709 2668 742 2721 et
762 2658 954 2743 Pythonissae
984 2658 1018 2720 in
1047 2655 1146 2720 antris
1168 2663 1199 2717 et
1222 2654 1299 2717 locis

169 2758 531 2844 obscuris-aenigmatice
550 2770 605 2824 aut
622 2760 772 2845 ambigue
789 2762 919 2825 oracula
934 2758 1074 2823 edebant
1089 2755 1148 2842 (5).
1172 2754 1299 2818 Hchraei

169 2857 267 2922 Vates
282 2859 330 2921 sui
345 2869 507 2944 compotes
525 2868 628 2941 erant,
647 2860 764 2924 ethnici
789 2881 851 2925 non
876 2860 932 2922 sic.
953 2882 968 2916 u
991 2857 1061 2920 Hoc
1077 2855 1174 2935 enim,
1194 2853 1297 2938 inquit

166 2960 409 3046 Chrysostomus
425 2961 484 3047 (4),
505 2961 674 3027 divinatori
697 2963 862 3047 proprium
881 2969 938 3042 est,
963 2969 997 3022 ut
1019 2966 1124 3021 mente
1147 2954 1293 3039 excedat,

168 3065 236 3126 vim
259 3065 409 3148 patiatur,
432 3066 581 3148 pellatur,
607 3066 751 3128 trahatur
773 3064 864 3149 quasi
887 3063 1007 3126 iurans.
1034 3058 1194 3143 Propheta
1217 3077 1293 3121 vero

168 3162 236 3228 non
254 3167 309 3250 sic,
330 3165 386 3231 sed
404 3189 477 3231 cum
501 3169 587 3252 vigili
612 3178 729 3249 mente,
749 3188 823 3231 cum
839 3165 1029 3250 temperanti
1058 3160 1291 3243 constitutione,

167 3269 225 3332 illa
245 3270 346 3333 sciens
369 3291 439 3356 quae
463 3269 550 3354 dicit,
576 3271 683 3334 omnia
708 3271 888 3354 loquitur...
918 3269 1014 3334 Penes
1031 3264 1207 3349 Prophetas
1225 3271 1294 3326 erat

169 3373 279 3457 loqui:
293 3395 398 3460 neque
411 3376 497 3438 enim
510 3375 694 3439 necessitate
707 3372 907 3457 tenebantur,
926 3370 980 3436 sed
995 3371 1156 3456 potestatis
1168 3369 1291 3432 honore

196 3674 239 3736 ,(1)
251 3672 328 3725 Nem.
341 3674 426 3737 xxllt,
443 3676 484 3726 25.

199 3752 296 3816 (mciv.
311 3754 363 3804 Iso.
376 3755 439 3817 vul,
452 3756 476 3815 23
491 3758 563 3818 XXX,
579 3759 594 3809 8
608 3777 615 3817 ς
631 3756 745 3818 Ezechl,
762 3759 786 3820 t;
797 3754 858 3807 vlll.
877 3755 900 3804 t.
984 3772 987 3775 ·

200 3834 235 3899 (ὅ)
258 3835 344 3886 Cinam
358 3835 404 3901 (De
422 3837 537 3888 Divinae.
555 3839 572 3890 l.
591 3838 622 3902 ll)
639 3838 768 3889 oraculum
783 3836 934 3899 Delphicum
952 3831 1084 3895 compellat
1101 3830 1169 3879 hisce
1185 3826 1289 3878 verbis:

167 3917 255 3967 «Tuis
271 3919 379 3969 oraculis
395 3919 548 3983 Chrysippus
564 3927 646 3971 totum
663 3922 780 3971 volumen
794 3918 917 3981 implevit,
932 3915 1022 3978 purtim
1034 3912 1110 3973 falsis,
1126 3917 1155 3960 ut
1171 3923 1218 3974 ego
1234 3910 1292 3973 opi·

166 4012 222 4059 nor,
235 4000 328 4061 partim
342 4012 401 4050 casu
418 4002 491 4062 veria,
501 4008 531 4053 ut
545 4003 573 4052 m
589 4002 614 4051 in
627 4003 696 4052 omni
710 4002 823 4052 oratione
839 3999 985 4062 saepissime,
1005 3994 1097 4059 partim
1113 3993 1293 4055 flexiloquis-et

165 4082 288 4142 obscuris
304 4089 333 4131 ut
347 4081 474 4145 interpres
484 4092 558 4146 egeat
569 4084 716 4147 interprete,
726 4093 753 4134 et
765 4096 818 4133 sors
829 4083 881 4143 ipsu
896 4081 928 4132 ad
942 4086 1023 4130 sortes
1034 4075 1164 4126 referenda
1175 4075 1217 4136 sit,
1233 4087 1292 4138 par-
1395 4118 1397 4123 .

126 4183 129 4188 ·
166 4166 215 4214 um
224 4164 350 4228 ambiguis
362 4171 388 4215 ct
401 4178 458 4228 quae
472 4165 504 4215 ad
513 4167 667 4218 dialecticam
681 4166 815 4218 deferenda
827 4165 884 4215 sint.
899 4163 963 4214 citat
971 4160 1062 4212 deinde
1074 4158 1221 4221 ambiguum
1231 4158 1294 4209 illud

167 4246 200 4295 de
211 4246 307 4309 Pyrrho
317 4247 467 4298 oraculum:
485 4247 530 4297 Aio
544 4253 580 4309 te,
595 4248 706 4309 AEacida,
718 4248 841 4298 Romanos
855 4247 955 4296 vincere
964 4255 1045 4306 posse.
1062 4259 1073 4289 i

202 4324 237 4393 (l)
250 4327 275 4379 S.
290 4327 419 4391 Chrysost.
433 4328 528 4380 Hamil.
539 4328 571 4379 29
584 4329 610 4379 iu
623 4329 637 4379 l
645 4330 706 4381 Cor.
719 4342 759 4392 ap.
776 4327 858 4391 tligne
873 4325 973 4377 Potrol.
989 4338 1030 4391 pr.
1043 4329 1062 4374 t.
1079 4320 1141 4384 LXI,
1157 4319 1215 4370 att.
