3142 4964
381 152 386 185 t
411 104 463 263 ζ)
738 138 742 143 ’

261 110 359 333 ff
381 236 409 291 χ’
489 265 690 337 ermenoarae
708 290 856 346 suenus
872 292 906 334 m
924 291 950 333 s.
971 250 1172 335 semiramis.

272 397 343 470 stat,
362 389 425 454 hoc
448 389 610 477 Scriptura
631 413 696 457 non
715 389 836 473 laudat,
861 410 933 477 quae
954 388 1156 456 solummodo
1175 389 1400 471 liberationem

271 492 416 576 populia
439 493 550 583 Jahele
575 481 779 579 procuratam
797 485 949 558 celebrat.
962 489 1062 584 ,Idem
1089 501 1154 556 esto
1178 491 1341 557 iudicium
1357 490 1401 557 de

273 597 502 679 peccaminosis
524 597 717 684 quibusdam
735 597 896 662 Samsonis
913 594 1102 661 actionibus.
1120 597 1216 680 Deus,
1235 598 1289 683 qui
1309 598 1339 662 ei
1358 596 1403 661 ad

273 696 457 763 liberandos
479 700 638 766 Israelitas
652 701 734 765 vires
752 700 937 790 peculiares
946 707 1156 803 concesserat,
1176 719 1250 764 eum
1272 698 1404 786 impec-

172 791 176 802 ’
273 800 410 865 esibilem
426 789 494 866 non
508 801 692 871 reddiderat
709 797 835 891 (1)
1378 865 1383 871 .

699 1018 856 1117 lLdiber
878 1016 971 1083 Ruit.
1043 970 1307 1096 ἴίιῖιίΐ
1392 993 1419 1088 t„

192 1292 202 1321 ,
316 1238 370 1301 l8.
398 1212 762 1326 Arpusueatum.[lsiber,
790 1235 840 1301 cui
862 1236 950 1301 Ruth
972 1257 1090 1300 nomen
1114 1245 1170 1320 est,
1197 1246 1288 1322 vgesta
1309 1239 1403 1303 Ruth

200 1350 201 1355 ’
273 1336 453 1405 Moabitidis
469 1349 606 1427 quatuor
620 1337 776 1424 capitibus
793 1339 1025 1423 complectitur.
1044 1338 1101 1404 Vir
1117 1337 1261 1424 quidam,
1277 1319 1419 1404 Elimefs’

274 1442 346 1506 lech
362 1444 503 1525 nomino,
518 1462 591 1506 cum
605 1440 673 1527 ejus
689 1462 789 1505 uxore
803 1441 915 1504 Noemi
929 1450 959 1504 ot
971 1439 1097 1505 duobus
1110 1441 1182 1506 liliis
1199 1441 1277 1506 abiit
1294 1443 1325 1506 in
1339 1452 1406 1507 tere
1433 1434 1439 1449 “
1467 1502 1469 1507 ⁴

273 1564 344 1606 ram
357 1541 463 1624 Moab,
480 1541 590 1628 ibique
602 1541 675 1628 ejus*
683 1542 738 1605 filii
750 1563 866 1606 uxores
878 1541 1037 1606 duxeruut
1049 1542 1246 1625 Moabitides,
1262 1540 1402 1629 quarum

274 1667 338 1709 una
355 1646 531 1710 vocabatur
547 1626 651 1712 nard.
666 1646 824 1710 Defuncto
839 1636 1035 1710 Elimeldcho
1049 1655 1080 1710 et
1093 1645 1218 1711 duobus
1231 1646 1299 1733 ejus
1314 1648 1402 1731 filiis,
1440 1709 1447 1724 ,

274 1749 362 1813 Ruth
373 1770 484 1813 veram
504 1737 692 1835 religionem
715 1749 862 1834 amplexa
885 1757 943 1832 est,
963 1758 994 1812 et
1013 1746 1179 1814 adherens
1194 1750 1307 1815 Noemi
1325 1771 1403 1815 cum

274 1851 329 1914 illa'
355 1871 483 1915 reversa
506 1860 552 1915 est
582 1850 747 1914 Bethleem
770 1858 802 1913 et
825 1851 930 1934 nupsit
951 1859 1085 1935 cognato
1103 1871 1160 1916 suo
1182 1850 1276 1915 Booz.
1302 1849 1399 1932 Quod
1461 1912 1468 1924 ,

275 1954 514 2019 matrimonium
531 1951 693 2039 quomodo
707 1953 873 2037 contigerit
885 1952 954 2016 fuse
970 1961 1081 2017 auctor
1093 1963 1212 2038 namet,
1225 1952 1404 2022 observans

274 2057 306 2119 in
319 2062 321 2068 ’
332 2056 395 2120 line
413 2057 513 2121 libelli
530 2078 570 2120 ex
587 2057 645 2120 isto
656 2056 865 2130 ‚matrimonio
883 2076 943 2140 per
966 2056 1157 2119 successivas
1180 2056 1404 2141 generationes

150 2246 158 2259 ῃ
278 2132 666 2263 ortumesseDavidem]
707 2126 932 2265 ῢᾶὒξιῇἶ
975 2176 1001 2227 ι
1028 2130 1362 2257 ξθὸνξῗΐὶυ-ᾒῖι.
1497 2221 1500 2226 .

197 2313 205 2343 ,
319 2233 664 2361 19;Scspus.l{tiujus
679 2261 778 2326 libelli
794 2238 937 2344 ‘fihtsfa‘it
978 2260 1135 2327 onfrerius
1148 2260 1207 2347 (it,
1222 2252 1404 2530 saw-ni?
1431 2305 1483 2396 &e

1320 2388 1330 2427 1
1391 2414 1401 2450 ,
1479 2392 1490 2408 ·

206 2356 211 2371 '
276 2384 349 2428 care
371 2362 500 2428 Davidis
522 2366 616 2450 regis,
641 2373 736 2449 atque
761 2363 844 2429 adeo
865 2372 897 2427 et
920 2364 1033 2437 Christi
1055 2365 1183 2452 Domini
1203 2386 1318 2449 prosap
1544 2430 1550 2439 ,

276 2455 375 2550 quam
393 2475 424 2529 et
445 2468 555 2550 paucis
577 2455 727 2530 liher'hic
750 2467 783 2529 in
806 2466 868 2530 fine
889 2467 1006 2552 colligit
1026 2488 1044 2530 a
1065 2467 1197 2550 Pha'res,
1213 2465 1304 2531 Judae
1366 2488 1401 2549 o,
1554 2444 1556 2461 1

130 2638 135 2647 ν
276 2566 434 2653 usquead
451 2569 555 2652 ipsum
573 2565 739 2632 Davidem.
766 2568 844 2633 Cum
867 2570 952 2632 enim
975 2577 1040 2633 tota
1062 2568 1224 2653 Scriptura
1240 2567 1403 2632 Christum
1522 2564 1557 2673 ',

152 2662 175 2687 '¹‘
276 2670 448 2733 Dominum
464 2679 617 2756 tanquam
630 2669 727 2733 finem
743 2678 872 2755 spectet,
886 2678 949 2755 pec'
961 2690 1057 2755 quem
1069 2667 1296 2750 benedicende
1309 2678 1405 2732 erant

277 2793 387 2836 omnes
401 2783 522 2858 gentes,
545 2773 644 2838 voluit
661 2771 731 2859 jam
755 2772 830 2837 inde
846 2772 889 2837 ab
904 2773 991 2837 initio
1009 2773 1093 2836 Deus
1108 2772 1268 2858 symbolis,
1289 2772 1402 2857 signis,

196 2916 200 2925 ·
276 2876 397 2962 liguris,
416 2879 590 2964 prophetis,
608 2897 682 2941 eum
695 2887 949 2962 praemonstrare,
968 2877 1092 2961 generis
1107 2877 1221 2939 seriem
1241 2873 1399 2957 indicare,

275 2990 322 3044 ut'v
334 3002 420 3064 eum,
439 3002 539 3067 quum
554 2979 743 3063 advenisset,
765 2966 910 3044 homines
927 2987 1053 3064 possent
1068 2951 1404 3070 agnoscere....[,srtter

72 3103 75 3108 ·
101 3105 104 3110 ·
188 3082 190 3087 ⁴
221 3127 258 3139 ι
276 3088 363 3150 avias
379 3095 409 3149 et
429 3086 656 3171 progenitrices
673 3081 801 3148 Daridis
825 3093 857 3148 et
871 3082 983 3148 Christi
1010 3102 1074 3145 uon
1097 3091 1219 3145 tantum
1243 3088 1404 3144 venerunt

171 3266 177 3273 „
195 3232 198 3237 -
276 3187 466 3253 lsraelitides
482 3189 643 3270 mulieres,
661 3184 716 3251 sed
738 3188 833 3252 etiam
853 3185 996 3270 gentiles,
1013 3180 1190 3269 cujusmodi
1207 3181 1268 3245 fuit
1282 3179 1404 3266 Rahab

276 3292 455 3357 Chananaea
477 3303 509 3355 et
532 3293 619 3359 Ruth
649 3289 805 3373 Moabitis,
830 3298 924 3352 autea
953 3284 1082 3373 quidem
1112 3284 1267 3367 infideles,
1289 3292 1405 3369 postea

277 3416 353 3459 vero
369 3370 524 3493 fideles]s
539 3394 709 3474 Nimirum,
723 3403 758 3457 ut
771 3394 814 3456 ait
827 3393 1049 3476 Hieronymus,
1063 3398 1098 3452 ut
1111 3388 1290 3453 ostenderet
1304 3387 1405 3452 Chri-

278 3507 342 3561 stus
358 3519 391 3561 se
405 3500 444 3561 ex
454 3495 675 3583 peecatoribus
690 3517 758 3559 non
771 3493 978 3579 dedignatum
995 3494 1081 3556 nasei
1098 3494 1151 3578 qui
1170 3491 1211 3556 ad
1226 3488 1404 3555 delendum

277 3609 408 3685 peecata
424 3597 566 3665 venerat.
585 3627 599 3661 s
652 3649 656 3655 .

321 3704 373 3767 20.
393 3704 508 3768 Auctor
528 3717 555 3767 et
577 3718 660 3770 etus.
678 3705 731 3769 Est
748 3714 855 3780 autem
874 3700 956 3765 liber
973 3700 1060 3764 Ruth
1076 3699 1173 3763 veluti
1187 3696 1404 3784 appendicula
1504 3724 1508 3731 ¹

277 3806 350 3870 libri
361 3805 512 3872 iudicum
525 3808 585 3895 (5),
600 3808 758 3896 siquidem
774 3805 903 3901 historia
917 3804 986 3867 haec
998 3800 1148 3889 iudicum
1159 3792 1304 3884 tempore
1320 3821 1406 3865 con-

388 3996 392 4004 .
450 3942 474 3993 a
891 3916 893 3921 ’
990 3924 1013 3937 ”

314 4069 349 4133 (l)
357 4072 446 4122 ltecote
457 4085 515 4136 quae
528 4071 593 4122 dieta
604 4077 665 4131 suut
675 4083 750 4132 supra
762 4068 817 4132 pag.
830 4067 900 4128 asset
913 4066 954 4116 et.

313 4150 348 4215 (2)
361 4151 441 4217 Proes.
454 4153 483 4202 iu
494 4153 569 4203 lieth.
864 4155 867 4160 '

313 4234 348 4298 (ὅ)
359 4234 422 4284 Hinc
433 4235 547 4299 plerique
559 4236 620 4287 olim
635 4236 777 4287 ludaeorum
794 4232 863 4284 ltuth
881 4223 939 4288 cum
951 4210 1081 4280 lodicibus
1091 4224 1287 4299 conjungebant,
1299 4231 1329 4274 ut
1339 4223 1406 4276 c'oo·
1459 4291 1461 4295 Ι

281 4321 330 4366 stat
341 4327 372 4365 ex
383 4316 495 4369 versione
513 4317 585 4380 thlt,
596 4332 628 4370 ex
640 4317 749 4381 Origene
758 4322 784 4367 et
796 4328 826 4366 ex
837 4314 988 4392 Hieronymo
997 4311 1041 4376 qui
1055 4310 1082 4360 iu
1099 4309 1208 4374 Protopo
1227 4305 1333 4359 Guteato
1346 4307 1383 4358 ait
1397 4322 1405 4358 ι
