3132 4964
242 227 306 290 150
474 249 675 292 mrnonucmo
691 232 838 292 sonemus
852 250 885 291 m
906 251 932 292 s.
951 248 1151 292 sommum.

286 348 318 410 5.
343 349 389 440 De
412 348 567 410 authentia
589 360 617 410 et
641 351 809 432 intepretata
839 350 1048 412 vaticiniorum
1078 350 1180 412 Isaiae.
1207 347 1315 429 Quum
1339 347 1372 409 in

150 452 157 463 '
243 449 398 514 vaticiniis
414 452 512 534 lsaiae,
531 453 706 535 prasertim
723 453 756 514 in
774 452 949 535 posteriore
969 461 1071 537 parte,
1090 472 1141 515 res
1158 449 1373 536 predicentur

7 1968 80 2141 7
147 1954 371 2159 epo

50 2262 156 2419 ta.

217 559 218 562 ’
243 573 316 637 quse
328 552 371 616 ab
382 555 524 618 humano
538 555 665 638 ingenio
677 555 894 640 quamtumvis
906 563 1001 618 acuto
1021 555 1207 639 praesentiri,
1227 563 1373 637 tempore

247 656 344 739 Isaiae,
364 679 428 720 non
440 667 597 742 poterant,
613 678 778 743 quumque
794 658 1008 721 Rationalistae
1026 658 1227 742 prophetiam
1243 656 1372 742 proprie

243 756 364 822 dietam
388 781 452 822 non
472 769 672 844 agnoscant,
697 759 817 824 ideirco
842 760 933 823 multi
958 782 1070 823 eorum
1093 759 1240 846 rejiciunt
1265 758 1372 823 omnia

244 861 391 925 vaticinia
410 883 480 946 quae
492 861 566 926 inde
583 886 603 927 a
616 885 687 948 cap.
702 863 877 929 XL-LXVI
895 863 1056 946 leguntur,
1077 883 1181 947 eaque
1201 862 1308 946 ignoto
1320 861 1372 925 vel

244 964 359 1048 ignotis
373 965 556 1028 auctoribus
568 965 628 1029 sub
644 966 740 1029 finem
753 966 838 1028 exilii
851 964 1032 1029 viventibus
1046 965 1201 1046 tribuunt.
1216 963 1372 1046 Quadam

244 1067 574 1152 insuper-fragmenta
594 1069 708 1153 prioris
731 1069 829 1152 partis
846 1078 882 1131 ut
902 1068 1009 1152 spuria
1028 1067 1160 1131 hahent.
1187 1067 1279 1130 Hane
1301 1067 1373 1150 opi·

246 1171 374 1233 aionem
391 1171 512 1255 primns
535 1171 653 1235 invexit
676 1172 791 1256 Koppe
815 1169 1004 1256 (1779-81).
1028 1169 1133 1234 Secuti
1155 1179 1228 1233 sunt
1245 1167 1372 1233 Deder-

245 1273 321 1354 lein,
347 1273 496 1355 Eiehorn,
522 1273 614 1356 lusti,
639 1274 774 1356 Paulus,
799 1274 928 1354 Bauer,
953 1271 1143 1354 Bertholdt,
1169 1273 1216 1334 De
1238 1273 1371 1355 Wette,

243 1372 390 1458 Augusti,
416 1362 652 1457 Rosenmiiller,
677 1374 840 1458 Gesenius,
859 1374 973 1458 Hitzig,
994 1375 1132 1457 Mamer,
1151 1372 1272 1457 Enald,
1293 1374 1374 1436 Urn-

244 1476 339 1556 breit,
356 1475 758 1562 Knohel,Bleek,alii('1ue
774 1478 991 1541 Rationalistae
1007 1477 1066 1561 (1).
1085 1477 1146 1540 Eos
1167 1476 1376 1540 confutarunt

244 1601 284 1643 ex
301 1579 550 1644 Protestantihns
565 1581 672 1666 Piper,
694 1582 875 1662 Beeklieus,
890 1582 1032 1663 Moeller,
1048 1581 1191 1664 Keuper,
1211 1580 1371 1659 Kleinert,

245 1682 500 1768 llengstcnlrerg,
512 1666 728 1767 'Haerernick,
743 1685 829 1766 Keil,
843 1684 1020 1766 Delitzsch3
1041 1704 1080 1746 ex
1092 1682 1260 1746 Catholicis
1270 1682 1372 1764 Jahn,

247 1783 429 1869 Haneberg,
456 1785 572 1849 Herhst
560 1786 729 1870 t,Welte,
754 1787 879 1868 Scholz,
913 1784 1020 1849 Glaire
1030 1784 1201 1867 ,Rcinke,
1229 1785 1371 1864 Reuseh,

246 1888 373 1972 Danko,
391 1889 507 1976 anit)

227 1982 279 2074 [ιι
278 1954 371 2116 ΜΕ
343 1991 513 2056 Anthentia
526 2014 622 2077 porro
635 2002 731 2078 atque
748 1992 910 2078 integritas
888 1992 1144 2120 νιῑίιῧιὶιιιιιιιι
1157 1991 1246 2054 lsaiae
1258 1988 1377 2074 proba-

186 2063 299 2156 itur
333 2097 527 2179 argumentis
553 2097 695 2196 θᾞω
719 2106 751 2160 et
782 2097 924 2180 iaspis
950 2097 988 2158 Et
1018 2114 1122 2179 primo
1150 2091 1312 2179 quidem
1304 2114 1372 2177 ipsu

247 2197 409 2282 inscriptio
421 2199 508 2264 initio
525 2199 598 2263 libri
614 2200 783 2284 apposita.
798 2201 872 2263 cisio
887 2201 984 2272 isaia,
996 2197 1059 2282 lilii
1069 2198 1175 2272 Amos,
1189 2216 1281 2281 qaam
1299 2196 1376 2259 uidit

245 2319 338 2383 super
360 2300 473 2363 ladam
497 2313 525 2364 et
547 2301 753 2364 Jerusalem
740 2300 892 2364 audiebas
917 2298 1014 2373 Ozia,
1037 2295 1375 2371 naamaniticae

247 2400 386 2464 Ezechiae
409 2424 512 2486 repam
534 2404 629 2477 lado,
649 2400 743 2467 'lsaiae
764 2404 889 2467 auctori
912 2401 1023 2466 tribuit
1039 2401 1147 2464 omnia
1168 2388 1317 2464 vaticinia
1338 2401 1375 2462 in

248 2501 331 2566 libro
356 2513 514 2568 contenta.
536 2507 598 2569 Ista
618 2515 724 2570 autem
749 2507 910 2590 inscriptio
933 2505 1113 2569 authentice
1135 2501 1284 2567 habenda
1301 2511 1372 2584 est3

249 2616 325 2668 nam
359 2608 516 2690 reperitur
539 2605 571 2671 ct
583 2609 963 2686 intexui.,hehraeo···et
980 2608 1032 2670 “in
1056 2603 1375 2689 omnihusfflantiquis

133 2693 134 2697 Ἰ
235 2690 472 2807 ceretaniae]
480 2709 712 2794 Restringende
734 2732 893 2775 veronen
909 2720 956 2774 est
972 2708 1013 2773 ad
1034 2710 1176 2794 aliquam
1200 2707 1273 2770 libri
1293 2727 1375 2791 par-

24 3381 29 3398 ι
26 3289 279 3492 pepi
292 3224 398 3439 effla

247 2819 324 2892 tem,
339 2811 479 2897 alioquin
503 2835 567 2876 non
584 2813 743 2878 diceretur
761 2813 848 2899 quod
871 2815 955 2878 laeta
973 2813 1033 2877 fuit
1048 2812 1108 2876 sub
1125 2810 1273 2896 pluribus
1284 2809 1374 2893 regi-

246 2912 318 2976 bus,
337 2913 431 2994 Quod
447 2916 472 2979 si
484 2918 588 3000 capita
603 2917 776 2983 XL-LXVI
788 2917 957 2981 recentiori
971 2918 1070 2981 manu
1083 2913 1211 3000 adjecta
1227 2914 1372 2994 luissent,

246 3014 400 3081 adfuisset
427 3019 542 3104 aliquis
571 3020 740 3105 peculiaris
768 3021 876 3083 tittrlus
899 3019 961 3083 hoe
984 3015 1151 3100 indicam,
1173 3014 1276 3080 Judaei
1295 3036 1373 3078 vero

249 3141 454 3206 nequaquam
470 3143 553 3206 passu
544 3124 700 3186 luissent
720 3133 755 3186 ut
770 3123 856 3186 veris
873 3122 959 3185 isaia
977 3120 1150 3205 prophetiis
1164 3120 1235 3182 aliae
1250 3118 1372 3204 absque

248 3222 315 3285 ullo
362 3224 464 3398 tffiffi
475 3225 604 3309 originis
620 3225 738 3290 indicio
755 3223 1038 3310 conjungerentur

467 3347 485 3389 0
502 3337 648 3392 constans
662 3338 729 3392 tum
743 3326 927 3392 ludaeorum
950 3337 1018 3390 tum
1036 3327 1286 3391 Christianorum
1302 3335 1372 3390 tra-

246 3423 336 3498 ditio
359 3447 429 3501 auae
457 3430 490 3493 in
511 3429 694 3516 hujusmodi
716 3430 812 3494 rebus
834 3449 966 3494 summae
988 3431 1183 3494 auctoritatis
1206 3439 1263 3502 est
1285 3429 1373 3493 Isaiae
1455 3496 1461 3511 ‚

280 3693 315 3756 (l)
327 3693 373 3754 lp.
388 3693 493 3755 Reinle,
506 3694 548 3745 no.
562 3697 606 3745 cit.
623 3709 647 3758 p.
660 3696 784 3752 cst-toa
799 3696 896 3769 lincke,
910 3696 958 3746 tac.
971 3696 1015 3746 cit.
1030 3710 1056 3759 p.
1070 3695 1192 3746 aso-too.
1295 3686 1298 3690 “

281 3775 316 3839 (t)
326 3776 382 3825 vid.
397 3776 482 3838 Piper,
493 3777 633 3844 tntepritas
643 3778 719 3828 lsac'a
727 3792 744 3827 a
753 3777 1067 3828 recentioramconatibos
1076 3777 1217 3827 vindicata.
1230 3776 1370 3841 Gryphisw.

247 3858 323 3920 1795ς
336 3859 473 3920 Beekhaus,
492 3862 525 3911 lte
535 3861 682 3925 inteprttate
696 3861 815 3925 proptret.
836 3861 864 3912 V.
881 3862 908 3911 t.
925 3860 994 3911 llatis
1005 3861 1078 3924 laea
1092 3861 1202 3921 Mueller,
1216 3861 1250 3911 De
1264 3860 1372 3911 auttan-
1416 3863 1421 3874 ‘

247 3942 287 3990 tta
298 3942 464 3991 oraculorum
475 3942 562 4009 trata,
574 3944 673 3994 lisaniae
687 3943 761 4003 182&
773 3944 973 4007 Hengstenberg‚
985 3944 1141 4009 Cnmstotop.
1155 3942 1185 4003 ll,
1200 3944 1240 4006 l8;
1250 3945 1370 4002 tiletum,
1393 3944 1396 3948 ’

249 4021 328 4071 Uener
351 4024 392 4072 oie
417 4023 530 4074 Eetittott
541 4024 660 4075 Sammtl.
676 4026 704 4074 ia
715 4025 745 4075 B.
759 4025 989 4075 tesaioecnttrattm
1005 4023 1142 4092 Weiseop.;
1158 4026 1279 4086 Delitzch,
1292 4025 1372 4075 Gom·
1410 4030 1415 4039 “

247 4112 323 4156 meat.
343 4106 493 4163 lle‘verniel.
509 4106 635 4169 Symbola
654 4108 689 4156 art
708 4097 856 4171 cosmiana,
875 4107 1034 4157 reticentiam
1050 4104 1162 4159 raticio(
1175 4107 1261 4170 Icaioe,
1278 4107 1371 4170 Regio-

248 4188 339 4250 monti‚
352 4188 425 4247 istm
440 4188 512 4250 Jahn,
529 4189 669 4252 Henetiam,
685 4189 785 4250 Herbst,
800 4188 893 4251 weita,
911 4189 1010 4251 Schola,
1028 4189 1121 4252 Gtsire,
1142 4190 1251 4251 Reuseh,
1273 4189 1300 4238 in
1318 4187 1370 4239 suis

248 4272 413 4333 tatrotnett,;
426 4269 521 4322 Reinke
533 4277 559 4321 et
571 4271 665 4332 naulo,
680 4269 740 4320 tito.
753 4271 808 4321 citt.
