3166 4958
274 302 335 365 176
502 317 701 361 tarnonucrto
719 317 865 361 spasmus
883 320 915 360 IN
929 320 955 362 S.
973 320 1173 366 scalrrunant.

273 423 388 506 Magno
403 418 600 500 obtulissent,
613 426 648 479 ut
659 416 758 480 refert
768 416 936 503 Iosephus.
945 418 975 481 si
989 420 1147 485 recentius
1159 423 1219 486 fuit
1232 425 1400 489 confectus

273 527 330 589 iste
347 525 428 588 liber
448 522 605 606 explicent
623 520 850 603 Rationalistae,
869 520 1032 607 quomodo
1053 526 1191 608 potuerit
1207 527 1401 591 Mathathias

273 626 438 691 Danielem
451 622 584 709 ejusque
597 622 698 686 socios
711 624 743 685 in
754 623 936 706 exemplum
950 622 1022 688 filiis
1034 626 1096 688 suis
1112 623 1286 708 adducere,
1299 636 1401 714 atque

273 727 526 794 eosconforiare
543 726 573 788 in
590 725 780 788 memoriam
797 724 979 791 revocando
995 728 1186 792 miraculum
1202 729 1402 795 liberationis

274 852 292 893 e
319 830 450 893 fornace
481 827 568 914 quod
597 828 734 891 maxime
762 828 978 893 Rationalistis
1005 828 1175 916 displicet?
1197 834 1284 897 omni
1301 833 1401 918 igitur

274 931 484 996 fundamento
506 940 592 994 caret
612 929 868 996 adversariorum
887 934 1028 998 assertio.

318 1034 371 1098 17.
393 1034 574 1097 Vindicatur
583 1055 658 1118 pars
674 1033 947 1098 deuteroooooniea.
966 1034 1043 1100 IIaec
1067 1042 1140 1121 pars
1163 1037 1399 1122 complectitur,

274 1146 310 1201 nt
330 1135 478 1217 diximus,
501 1136 660 1199 canticum
683 1135 780 1199 trium
805 1156 977 1221 puerorum
1000 1138 1071 1223 (Ill,
1086 1139 1217 1225 24-91),
1234 1141 1401 1205 historiam

274 1240 426 1305 Susanna
436 1240 539 1324 (XIII)
549 1238 597 1326 (l)
610 1247 707 1324 atque
719 1240 933 1303 narrationem
943 1239 984 1304 de
993 1241 1070 1306 Belo
1086 1251 1117 1305 et
1131 1239 1270 1307 dracone
1282 1241 1399 1328 (xiv).
1424 1302 1428 1310 .

275 1343 350 1406 Hac
363 1339 494 1428 quidem
511 1341 542 1403 in
559 1348 646 1404 textu
665 1338 817 1404 hebraico
838 1362 902 1405 non
923 1343 1060 1427 amplius
1081 1343 1296 1428 reperiuntur3
1313 1351 1403 1407 atta-

275 1464 350 1507 men
361 1443 513 1507 hehraice
523 1451 579 1506 aut
591 1439 757 1507 chaldaice
769 1444 887 1529 scripta
899 1445 996 1508 fuisse
1010 1445 1148 1530 plurima
1164 1444 1310 1510 suadent.

318 1548 371 1610 18.
404 1544 532 1610 Indoles
556 1543 697 1631 quidem'
712 1553 743 1609 et
765 1547 948 1610 aramaismi
979 1555 1082 1611 textus
1112 1548 1207 1632 graeci
1236 1569 1305 1612 rem
1334 1569 1403 1613 non

275 1646 404 1710 omnino
423 1646 606 1730 conficiunt3
624 1646 760 1736 innuunt
776 1656 883 1712 tamen
899 1649 1003 1734 potius
1020 1651 1199 1714 versionem
1212 1672 1252 1715 ex
1270 1650 1401 1716 bebroeo

275 1771 374 1836 quam
389 1759 510 1814 textum
523 1770 662 1834 maecum
674 1749 911 1835 primigenium.
926 1751 992 1817 Nec
1005 1751 1108 1817 obstat
1123 1754 1210 1818 lusus
1227 1753 1401 1819 verborum

274 1873 501 1936 σχινος-σχισειν,
517 1861 548 1916 ct
559 1874 786 1940 πρινος-πρισειν,
802 1851 886 1938 quod
900 1854 1038 1918 habetur
1049 1855 1137 1938 XIII,
1153 1855 1266 1939 itt-55,
1280 1856 1394 1921 58·59·

259 1953 356 2034 ,rien
377 1975 517 2041 namque
537 1963 639 2040 potest
662 1962 697 2017 ut
716 1952 802 2018 idem
831 1954 918 2018 lusus
942 1953 1116 2019 verborum
1128 1954 1200 2042 jam
1225 1956 1400 2020 haberetur

274 2059 307 2121 in
323 2067 409 2122 textu
427 2058 616 2144 primigenio
630 2057 690 2144 (2).
712 2055 906 2142 «Ejusmodi
923 2058 1008 2121 enim
1024 2059 1275 2142 paronomasias,
1296 2057 1401 2143 inquit

274 2161 429 2226 Delitzsch
442 2161 502 2247 (5),
517 2163 549 2225 in
564 2161 679 2246 linguis
695 2161 850 2225 semeticis
864 2160 1032 2224 facillimas
1046 2181 1113 2225 esse
1128 2159 1257 2226 arabica
1270 2181 1400 2247 quoque

274 2263 426 2327 Susannae
439 2265 541 2328 versio
559 2261 706 2327 ostendit.
729 2289 743 2322 »
765 2261 881 2327 Adhuc
901 2262 1052 2327 exstiterit
1071 2272 1174 2327 textus
1192 2263 1401 2348 primigenius

274 2358 385 2449 primis
400 2366 548 2429 Ecclesiae
563 2364 697 2447 saeculis,
715 2384 791 2427 nam
803 2361 977 2428 Theodotio
992 2364 1118 2431 nonnisi
1130 2386 1170 2429 ex
1185 2375 1272 2430 textu
1284 2362 1403 2450 primi-

274 2468 367 2550 genio
386 2467 565 2531 versionem
584 2487 674 2530 suam
699 2466 856 2530 conficere
878 2468 1002 2552 potuit3
1028 2465 1186 2552 siquidem
1212 2466 1281 2554 ejus
1302 2467 1401 2533 editio

274 2593 294 2634 a
307 2572 512 2635 translatione
528 2571 612 2635 LXX
629 2571 671 2634 ita
688 2568 822 2634 discedit
842 2580 877 2634 ut
899 2569 942 2634 ab
965 2591 1003 2635 ca
1020 2572 1189 2656 provenire
1204 2593 1269 2636 non
1288 2572 1399 2656 possit.

275 2670 369 2754 Quod
385 2682 492 2737 autem
505 2674 684 2758 fragmenta
708 2671 996 2737 deuteroeanonica
1013 2672 1153 2737 Danielis
1170 2673 1320 2738 hebraice
1339 2695 1402 2737 ex-

275 2777 408 2839 stiterint
443 2776 579 2839 innuunt
613 2776 709 2838 etiam
743 2797 780 2839 ea
811 2795 882 2861 quae
911 2797 950 2837 ex
977 2775 1191 2841 recentiorum
1213 2773 1401 2840 Judaeorum

275 2877 423 2962 operibus
440 2878 647 2963 proferuntur
664 2879 697 2940 in
712 2879 852 2963 Pupieno
862 2878 937 2962 fidei
947 2866 1130 2963 Raymundi
1152 2879 1304 2964 Martini(
1329 2878 1352 2963 )

317 2981 370 3045 19.
380 2979 573 3045 Gravissima
583 2980 618 3045 fit
630 2980 705 3045 inde
715 2979 758 3045 ab
771 2981 902 3067 antiquo
915 2978 1100 3071 disceptatio
1113 3002 1155 3045 an
1167 2981 1226 3045 ista
1238 2981 1400 3065 fragmen-

273 3093 305 3148 ta
319 3082 645 3167 'divinamhabeant
667 3084 887 3149 auctoritatem
912 3082 1057 3153 nec-ne?
1078 3084 1205 3148 Primus
1228 3084 1401 3149 Africanus

273 3187 438 3250 historiam
468 3187 619 3250 Susannae
641 3185 775 3279 rejecit,
808 3188 912 3271 ipsum
940 3194 1065 3249 secutus
1090 3196 1136 3249 est
1151 3186 1346 3272 Porphyrius
1367 3195 1402 3250 et

276 3298 382 3352 nostra
400 3298 490 3353 aetete
516 3290 744 3354 Rationalistae.
770 3287 855 3352 lllnd
873 3297 979 3352 autem
1002 3288 1052 3351 his
1074 3287 1257 3353 auctoribus
1272 3286 1343 3374 jam
1366 3288 1401 3352 in

275 3391 384 3454 limine
402 3392 520 3476 opponi
537 3401 650 3476 potest,
671 3389 757 3477 qnod
775 3391 836 3454 illae
857 3398 963 3475 partes
978 3399 1114 3474 receptae
1130 3390 1261 3457 fuerunt
1274 3390 1307 3453 in
1323 3410 1403 3453 ver—

275 3493 362 3555 sione
378 3492 689 3578 Septuagintavirali,
708 3493 898 3556 inversione
914 3489 1139 3557 Theodotionis
1153 3502 1184 3557 et
1199 3493 1231 3556 in
1246 3491 1315 3557 aliis
1326 3494 1402 3556 ver-

274 3596 415 3660 sionibus
429 3596 503 3661 inde
521 3596 671 3662 derivatis
688 3597 749 3683 (5).

306 3784 341 3847 (i)
354 3782 380 3832 ln
394 3782 523 3834 codicibus
532 3782 643 3846 antiquis
657 3781 760 3831 historia
772 3781 892 3831 Susaonae
903 3781 1017 3831 efformet
1027 3794 1081 3844 erp.
1095 3779 1103 3829 l
1115 3780 1233 3833 Danielis.

306 3864 341 3928 (ἑ)
354 3865 390 3915 lic
402 3865 447 3914 hac
457 3877 485 3913 re
496 3862 552 3913 tuse
561 3864 730 3926 disputantem
748 3862 804 3912 vide
816 3860 949 3925 origenem
962 3862 988 3911 in
999 3862 1084 3930 Epist.
1096 3863 1131 3912 ed
1145 3860 1232 3926 Afric.

307 3948 342 4011 ri)
356 3946 389 3997 De
404 3944 535 3995 llabacaci
547 3944 682 4010 Propone
694 3945 749 3995 vito
761 3949 836 4009 etque
846 3948 920 3993 etate
933 3957 958 4006 p.
971 3943 1028 3995 tos.
1047 3943 1167 3994 Eandem
1178 3944 1328 3995 metendam
1340 3959 1403 4009 pro-

274 4035 368 4092 pugnat
377 4028 505 4088 Vincenzl,
517 4028 585 4079 Sars.
599 4027 612 4078 l
617 4028 638 4078 V
648 4027 748 4078 concil.
764 4026 833 4077 trid.
844 4026 943 4076 vindic.
955 4032 1019 4089 port.
1035 4024 1076 4086 lll,
1094 4037 1164 4088 prop.
1178 4027 1203 4076 7.

306 4111 341 4172 (l)
354 4109 438 4174 Papio
449 4110 508 4174 {idei
520 4124 545 4173 p.
561 4100 687 4170 1283936.
700 4110 747 4159 Ed.
764 4108 852 4170 Carpz.
864 4108 934 4171 Llps.
951 4107 1023 4159 last.

306 4192 341 4254 (5)
355 4193 441 4242 versio
457 4192 561 4255 Vulgata
579 4205 611 4242 cx
627 4192 741 4242 versione
759 4189 938 4240 theodotionis
954 4189 1066 4240 coniecta
1081 4196 1140 4253 est,
1158 4191 1242 4242 versio
1261 4191 1357 4256 syriae·
1373 4192 1401 4245 tn

273 4272 361 4323 bibliis
380 4273 531 4336 polyglottis,
552 4274 678 4324 versiones
692 4271 833 4323 armeniam
847 4278 872 4321 et
886 4271 992 4333 arabice,
1007 4284 1039 4322 ex
1055 4272 1145 4321 eodem
1161 4270 1231 4323 fonte
1245 4273 1402 4337 depromptae

273 4360 341 4406 sunt.
367 4354 453 4406 versio
466 4361 550 4406 autem
570 4355 692 4420 syriacae
710 4354 807 4418 bugeio
821 4352 888 4404 edita
909 4351 989 4405 luite
1010 4353 1123 4404 versione
1145 4351 1219 4405 Lxx.
1244 4353 1271 4405 ln
1288 4356 1401 4410 versione
