3134 4934
307 298 371 362 574
538 318 740 361 rmnonccrro
758 318 908 361 sencmms
919 318 952 360 us
971 318 997 361 s.
1014 318 1216 366 scaurum.

305 419 424 482 Paulus
444 417 599 482 utendum
623 418 792 503 putaverit,
821 419 887 482 sire
914 417 1060 482 Clemens
1084 421 1250 487 Romanus
1272 421 1299 485 is
1327 422 1435 508 luerit,

305 531 340 585 ut
355 520 488 607 quidam
505 522 625 607 opinati
641 530 725 603 sunt,
745 521 810 584 sive
830 522 942 603 Lucas,
962 519 1145 585 individuus
1161 523 1252 586 Pauli
1271 545 1379 589 comes
1398 547 1438 591 ac

233 682 247 687 .,
305 624 453 688 laborum
473 624 588 706 socius,
609 622 696 709 quod
712 624 814 708 magis
833 632 879 687 est
897 623 1077 708 probabile.

348 728 400 795 22.
421 727 455 790 5⁰
470 724 565 808 Quod
583 735 690 790 autem
705 747 744 789 ex
757 747 829 810 cap.
850 727 891 808 Il,
911 726 931 789 5
954 725 1109 812 objiciunt
1130 727 1267 792 Paulum
1288 752 1351 794 non
1368 753 1438 796 esse
1500 750 1508 760 ·

297 830 451 914 *Epistolae
474 838 639 894 auctorem
666 850 705 892 ex
728 849 766 892 eo
795 827 883 915 quod
907 830 951 893 ait
979 852 986 892 ε
1028 828 1183 908 Quomodo
1206 833 1386 917 effnpicmus
1409 838 1440 899 si

303 944 419 996 teritum
435 932 654 1017 neplccerimns
668 930 807 1004 salutem,
825 952 902 1016 quoe,
926 952 994 994 carn
1019 934 1140 996 initium
1165 937 1324 1018 accepisset
1339 958 1437 1000 enor-

302 1039 370 1098 rnei
389 1058 445 1119 per
461 1037 625 1099 Domitiam
650 1034 686 1097 ab
707 1036 749 1098 eit
772 1038 827 1118 qni
852 1035 1014 1097 audierunt
1038 1036 1071 1096 in
1095 1056 1150 1099 nos
1176 1037 1356 1121 confirmata
1380 1050 1436 1113 est,

300 1148 481 1201 contestante
496 1139 560 1200 Deo
577 1138 673 1220 stpnis
688 1147 715 1198 ct
734 1137 893 1220 portentis.
913 1135 983 1199 lloc
1002 1135 1120 1198 nullius
1138 1145 1184 1199 est
1203 1138 1332 1227 valoris.
1350 1122 1449 1204 llam

302 1243 443 1328 loquitur
457 1243 626 1327 Apostolus
641 1252 677 1305 ut
688 1242 834 1306 Hebraeus
849 1264 885 1305 ea
905 1241 1050 1315 Hebroeis,
1065 1241 1153 1328 quod
1169 1253 1256 1328 patet
1270 1266 1310 1309 ex
1326 1246 1435 1311 forma

266 1346 417 1451 ffltlurali
438 1367 502 1431 qua
526 1347 636 1409 utitur.
662 1345 810 1410 Ceterum
833 1346 981 1430 quamvis
1004 1344 1176 1429 Apostolus
1203 1346 1391 1412 immediate
1414 1371 1436 1413 a

299 1448 366 1509 Deo
387 1445 519 1511 edoctus
543 1446 650 1528 luerit,
673 1455 782 1509 tamen
807 1446 862 1509 ivit
881 1446 1116 1532 ierosolymam
1141 1446 1184 1511 ad
1207 1447 1379 1533 Apostolos
1401 1460 1438 1514 ut

224 1535 271 1615 335
299 1571 373 1614 cirin
390 1550 465 1635 ipsis
482 1570 573 1614 suam
586 1549 765 1613 doctrinam
782 1551 945 1613 conferret
960 1558 992 1612 et
1004 1553 1036 1611 in
1053 1571 1087 1612 ea
1104 1549 1140 1612 cb
1161 1553 1199 1614 iis
1224 1554 1278 1635 qai
1293 1553 1435 1617 viderant

297 1652 541 1736 confirmaretur.
563 1651 640 1736 Cap.
672 1653 760 1733 XIII,
780 1653 800 1713 7
819 1652 862 1714 ait
885 1650 1080 1736 Apostolus:
1108 1653 1283 1717 Mementote
1306 1676 1433 1740 proepo-

268 1705 425 1820 Lsitorum
453 1768 629 1828 vestrorum,
660 1758 715 1840 qni
733 1755 814 1820 cobis
841 1754 935 1819 locuti
959 1765 1030 1819 sunt
1059 1754 1179 1819 utrumn
1205 1757 1274 1828 Dei,
1300 1778 1431 1841 quornm

297 1863 446 1924 intuentes
479 1863 592 1923 exitum
628 1861 862 1923 ccitttersctionis
898 1860 1065 1922 imitemini
1096 1858 1200 1942 fidem.
1230 1859 1287 1922 His
1312 1860 1427 1924 *verbis

297 1985 351 2027 eos
361 1964 520 2048 praecipue
533 1960 688 2047 signifieat
702 1962 757 2048 qui
767 1962 920 2046 sanguino
934 1982 991 2024 suo
1005 1958 1186 2047 doctrinam
1198 1982 1217 2024 a
1230 1982 1263 2024 se
1277 1959 1427 2025 traditam

296 2056 510 2151 signaverant,
525 2066 628 2150 qualis
643 2063 731 2149 apud
750 2064 982 2150 ierosolymam
1003 2062 1143 2154 Iacobus
1164 2084 1261 2149 quom
1282 2063 1427 2129 Herodes

296 2167 403 2253 gladic
420 2166 547 2250 occidit,
565 2176 595 2230 ot
608 2168 661 2231 alii
683 2167 753 2230 aliis
770 2168 803 2230 in
822 2167 913 2232 locis.
931 2167 1017 2229 Nihil
1036 2164 1156 2230 indicat
1176 2167 1228 2230 hic
1243 2187 1426 2231 sermonem

295 2270 364 2334 fieri
379 2269 419 2334 dc
437 2279 539 2334 morte
552 2269 655 2351 Pauli,
669 2267 816 2355 adeoquo
833 2270 890 2333 iste
903 2270 993 2333 locus
1008 2290 1072 2331 non
1086 2268 1202 2354 probat
1214 2267 1303 2356 quod
1315 2271 1427 2335 volunt

295 2371 481 2436 adversarii.

339 2475 392 2538 25.
409 2474 568 2556 Quaeritur
579 2485 688 2538 utrum
700 2475 736 2537 de
747 2475 808 2559 fide
822 2474 861 2537 sit
874 2474 1010 2537 Paulum
1021 2459 1186 2539 auctorem
1198 2495 1265 2538 esse
1279 2476 1426 2560 Epistolae

295 2578 336 2641 ad
354 2577 531 2642 Hebraeos?
554 2578 754 2659 Catharinus,
779 2577 885 2641 Sixtus
905 2578 1023 2662 aliique
1047 2577 1199 2662 theologi,
1220 2577 1359 2643 sentiunt
1382 2579 1425 2644 ad

293 2680 391 2744 fidem
414 2681 572 2765 pertinere
597 2702 634 2745 eo
658 2678 744 2766 quod
775 2680 946 2745 concilium
970 2679 1192 2744 Tridentinum
1210 2679 1322 2745 definit
1341 2682 1425 2746 inter

293 2783 392 2847 libros
407 2784 446 2847 ll.
465 2784 501 2847 T.
521 2782 771 2868 computandam
796 2804 863 2847 esse
885 2784 977 2847 Pauli
998 2782 1040 2847 ad
1061 2782 1214 2847 Hebraeos
1234 2784 1421 2869 Epistulam.

292 2887 355 2951 Sed
378 2888 533 2952 ltlelchior
554 2886 680 2970 Canus,
705 2888 821 2970 listins,
851 2886 983 2969 Glaire,
1018 2887 1137 2973 aliique
1162 2885 1333 2950 observant
1358 2909 1424 2952 non
1538 2960 1539 2971 χ

293 2993 413 3074 omnia,
437 3011 507 3077 quae
533 2990 566 3054 in
595 2989 730 3054 decretis
755 2991 965 3054 conciliorum
984 2987 1231 3076 quoquomodo
1256 2988 1422 3075 dicuntur,
1536 3022 1538 3075 j

292 3091 453 3157 definitive
468 3091 544 3175 dici,
562 3089 675 3156 autad
690 3089 788 3154 fidem
805 3093 976 3176 perIInere.
996 3090 1130 3176 Oportet
1141 3091 1174 3154 in
1188 3091 1250 3154 hae
1264 3113 1299 3155 re
1313 3101 1423 3157 atten—
1536 3090 1537 3113 ¹

291 3194 369 3259 dere
392 3194 435 3259 ad
452 3204 593 3259 mentem
616 3195 743 3259 concilii
760 3217 768 3258 ι
788 3194 866 3280 quid
886 3194 1022 3260 delinire
1040 3195 1189 3260 uoluerit.
1207 3195 1295 3261 Mens
1312 3205 1421 3261 autem

292 3299 418 3363 concilii
435 3297 610 3362 Tridentini
627 3319 692 3362 non
709 3297 805 3362 luerit
820 3297 954 3363 definire
970 3300 1101 3384 quinam
1119 3306 1264 3363 auctores
1277 3297 1421 3363 habendi

292 3401 353 3463 sint
369 3400 525 3465 librorum
541 3420 719 3483 sacrorum,
731 3399 787 3463 sed
802 3402 934 3485 quinam
947 3401 1021 3465 lihri
1034 3421 1093 3486 pro
1106 3400 1204 3465 sacris
1215 3409 1246 3463 et
1257 3402 1421 3466 canonicis

291 3510 395 3565 essent
413 3500 617 3586 suspriendi,
636 3500 723 3586 quod
740 3498 827 3586 patet
839 3524 879 3566 ex
897 3502 1003 3567 verbis
1023 3523 1094 3587 quae
1111 3500 1298 3587 precedunt
1316 3487 1420 3567 cano-
1488 3536 1496 3542 ·

291 3621 365 3665 nem
385 3622 525 3687 eumque
540 3611 728 3688 sequuntur.
751 3603 878 3667 Constat
895 3605 990 3669 etiam
1013 3625 1052 3668 ex
1068 3625 1106 3668 oo
1124 3603 1211 3690 quod
1228 3605 1261 3667 in
1278 3604 1417 3670 indicem

266 3702 449 3768 'llbrorum
477 3725 643 3768 sacrorum
678 3705 850 3785 concilium
881 3706 981 3770 rolort
1012 3706 1203 3770 Psalterium
1226 3706 1418 3773 Daridicum

289 3815 418 3870 centum
438 3815 469 3869 et
488 3806 720 3892 quiuquagInta
743 3808 954 3892 psalmorum.
972 3809 1071 3874 Porro
1089 3830 1153 3873 non
1173 3829 1285 3873 omnes
1301 3811 1418 3896 psalmi
1511 3840 1518 3853 ·

288 3918 362 3972 sunt
370 3907 512 3991 Doridis,
521 3907 577 3972 scd
589 3910 769 3974 collectioni
782 3911 890 3975 insunt
900 3912 1016 3996 psalmi
1028 3895 1166 3976 aliorum
1178 3912 1414 3999 auctorum(1).

286 4010 500 4075 Nihilominus
528 4019 636 4075 tamen
661 4011 759 4077 iidem
782 4022 928 4078 auctores
950 4013 1069 4078 docent
1092 4022 1201 4080 notam
1229 4014 1416 4080 temeritatis

272 4350 276 4363 ¹
320 4342 356 4407 (Ι)
372 4342 436 4394 the
454 4355 529 4408 supra
548 4357 573 4408 p.
592 4344 650 4396 ltu.
