3168 4948
262 302 328 365 ’548
493 318 695 362 mrsooueno
711 317 859 361 srscmms
877 318 910 359 m
927 317 953 360 s.
970 317 1171 362 scaurum.

263 418 362 482 ferret
380 415 440 503 (1).
459 417 572 480 Postea
596 415 779 500 Apostolus,
798 416 938 500 incoepto
956 417 1048 479 tertio
1071 417 1183 481 itinere
1207 419 1395 504 apostolico,

263 521 504 605 peragratisque
528 518 746 603 superioribus
775 517 857 582 Asiae
882 518 1012 582 Minoris
1046 520 1258 604 regionibm,
1287 540 1398 584 rursus

262 623 424 707 Ephesum
435 619 563 685 devenit
575 622 684 708 ibique
696 643 755 706 per
767 631 829 684 tres
842 622 910 685 lere
924 642 1025 685 aranos
1038 620 1191 686 doetrinae
1203 624 1397 708 evangelice

263 723 480 809 propagandae
494 745 613 808 magno
630 745 704 787 cum
722 724 829 787 fructu
844 723 1060 810 allaboravit(
1085 705 1129 820 )]
1449 761 1456 768 ·

73 850 76 857 ’
121 798 242 911 emp
307 816 411 926 apid
427 847 501 910 quos
524 826 674 889 destinata
689 827 785 910 suerit
799 847 845 898 ea,
869 846 936 909 que
952 836 996 889 est
1015 826 1056 888 cd
1078 826 1226 911 Ephesios
1241 828 1396 913 Epistola.

261 928 478 992 Autumarunt
495 928 639 991 nonnulli
658 928 706 1015 (5)
722 929 807 991 hane
830 928 1004 1012 Epistolam
1024 925 1215 992 destinatam
1232 930 1328 993 luisse
1352 928 1395 994 ad

261 1030 469 1096 Laodicenos.
492 1031 575 1094 Huic
598 1032 739 1116 opinioni
759 1030 926 1116 praeivcrat
944 1031 1085 1094 Marcion
1107 1032 1284 1117 haereticus,
1299 1054 1399 1118 quem

261 1134 364 1219 carpit
380 1134 603 1198 Tertullianus.
618 1134 680 1198 Alii
691 1134 739 1219 (4)
750 1134 829 1197 nulli
842 1141 935 1197 certae
955 1134 1096 1197 ecclesiae
1109 1134 1261 1218 scriptam
1273 1136 1396 1218 volunt,

261 1235 318 1300 scd
331 1245 440 1320 postea
453 1235 723 1300 fabricatam.Sod
737 1235 949 1299 certissimum
962 1245 1009 1298 est
1020 1234 1061 1299 ad
1071 1237 1224 1321 Ephesios
1237 1235 1395 1301 directam

262 1339 358 1401 luisse
374 1339 459 1402 hano
474 1338 662 1422 Epistulam.
680 1338 770 1400 Patet
787 1336 850 1400 hoc
870 1357 910 1399 ex
926 1337 1016 1419 titulo
1036 1359 1044 1399 ε
1069 1338 1110 1400 od
1124 1337 1284 1421 Ephesios,
1306 1336 1398 1423 quod

262 1443 377 1524 legitur
400 1440 433 1502 in
456 1439 605 1504 omnibus
625 1438 788 1504 codicibus
806 1440 916 1525 graecis
936 1447 1033 1524 atque
1050 1440 1083 1503 in
1105 1440 1254 1503 omnibus
1271 1441 1399 1504 versio-

263 1542 368 1606 nibus.
394 1542 607 1606 Confirmatur
632 1563 670 1604 ex
694 1543 804 1627 primis
827 1543 975 1625 Epistolae
997 1540 1131 1605 verbis:
1157 1541 1290 1616 Paulus,
1305 1544 1400 1626 Apo-

261 1643 357 1708 stolus
372 1645 447 1707 lesu
463 1642 580 1708 Christi
594 1665 651 1727 per
671 1642 853 1707 oolurdatem
868 1644 938 1715 Dei,
962 1641 1100 1707 ominibus
1118 1642 1241 1707 Sanctis
1258 1645 1313 1728 qni
1326 1654 1400 1706 suist

262 1747 389 1831 Ephesi,
403 1757 431 1809 et
441 1745 582 1830 fidelihus
598 1749 631 1808 in
646 1745 770 1810 Christo
784 1740 887 1844 sesa]
1106 1823 1114 1840 .
1445 1732 1449 1737 ⁴

306 1849 339 1913 5.
369 1850 476 1913 Sancti
506 1849 616 1913 Patres
644 1850 839 1913 unanimiter
868 1857 1023 1912 testantur
1048 1850 1133 1913 hanc
1156 1850 1330 1934 Epistolam
1353 1849 1399 1913 ad

231 1971 233 1974 ⁴
262 1953 415 2036 Ephesios
432 1952 528 2015 fuisse
546 1952 748 2015 destinatam.
769 1953 857 2014 Inter
873 1973 928 2015 eos
945 1951 1069 2036 primus
1088 1952 1226 2016 occurrit
1245 1951 1277 2015 S.
1297 1953 1399 2036 Igna-

262 2056 336 2139 tius,
350 2055 406 2140 qui
422 2054 478 2118 diu
491 2076 564 2119 cum
579 2055 738 2140 Apostolis
755 2064 960 2119 conversatus
972 2064 1004 2118 et
1020 2052 1107 2139 apud
1123 2076 1156 2118 se
1173 2054 1297 2119 habens
1309 2074 1397 2139 pra·
1509 2055 1514 2063 '

262 2158 373 2241 cipuos
388 2155 548 2242 quosdam
565 2156 674 2220 fideles
692 2158 833 2222 ecclesiae
848 2158 1026 2241 Ephesiae,
1042 2158 1189 2242 apprime
1203 2178 1399 2241 cognoscere

262 2258 403 2323 debebat
417 2258 458 2322 de
481 2260 542 2323 bac
560 2281 596 2323 re
616 2260 794 2323 veritatem.
814 2261 843 2322 Is
860 2261 893 2323 in
915 2262 1017 2345 Epist.
1041 2261 1081 2322 od
1103 2259 1217 2343 Ephes.
1231 2261 1302 2332 XII,
1321 2268 1398 2321 tan-

262 2382 361 2447 quam
384 2382 453 2425 rcm
479 2362 622 2445 Ephesiis
645 2362 874 2444 certissimam,
897 2363 1016 2446 allegat
1038 2362 1129 2426 Pauli
1153 2362 1326 2446 Epistolam
1354 2360 1397 2424 ad

261 2463 427 2547 Ephesios.
446 2463 498 2527 Sic
519 2464 604 2527 enim
620 2485 674 2527 eos
690 2464 865 2550 alloquitur
880 2488 888 2527 ε
904 2489 919 2523 s
938 2465 1030 2528 Pauli
1046 2464 1233 2548 symmistae,
1252 2464 1308 2549 qui
1323 2485 1400 2527 san-

261 2567 427 2648 ctificatus,
448 2570 635 2653 martyrium
654 2578 841 2633 consecutus
863 2578 893 2632 et
916 2568 1014 2653 digne
1036 2568 1149 2632 beatus
1171 2576 1228 2650 est,
1247 2565 1287 2631 ad
1306 2566 1400 2652 cujus

138 2746 141 2750 λ
262 2669 392 2752 vestigia
417 2668 578 2752 contingat
601 2670 679 2732 mihi
704 2679 739 2732 ut
760 2671 916 2753 inveniar,
935 2669 1065 2755 quando
1083 2670 1139 2733 Dei
1156 2671 1318 2754 particeps
1341 2668 1397 2752 lio,

263 2770 319 2855 qui
335 2781 397 2833 toto
416 2769 557 2855 Epistola
578 2793 691 2835 retentor
709 2776 800 2836 uestri
820 2785 861 2838 est
878 2777 911 2836 is
927 2772 1063 2838 Christo.
1082 2799 1096 2833 s
1113 2772 1285 2837 Habebunt
1302 2772 1400 2856 igitur

263 2873 390 2957 Ephesii
414 2855 506 2937 Pauli
530 2873 717 2959 Epistolam,
744 2876 777 2938 in
802 2897 867 2961 qua
892 2877 1043 2941 continuo
1061 2897 1173 2939 eorum
1189 2895 1314 2939 memor
1330 2885 1400 2938 erat

262 2975 434 3060 Apostolus
446 2977 479 3040 in
491 2976 615 3041 Christo
632 2978 718 3043 Jesu.
734 2979 830 3060 Quod
841 2989 928 3044 reete
940 2981 974 3043 in
990 2980 1165 3064 Epistolam
1182 2999 1282 3064 quam
1295 2963 1400 3042 habe-

258 3098 334 3144 mus
369 3076 518 3163 quadrat.
544 3079 729 3144 Tertulliani
750 3081 801 3167 (5)
825 3081 983 3145 habemus
1011 3079 1075 3144 duo
1105 3080 1286 3144 testimonia
1310 3080 1399 3143 omui

262 3181 449 3265 exceptione
472 3180 597 3267 majora
618 3205 627 3245 t
648 3185 852 3266 «Praetereo,
878 3185 993 3269 inquit,
1018 3185 1071 3248 hic
1092 3182 1179 3247 etde
1199 3184 1263 3247 alia
1279 3183 1400 3266 (Pauli)

261 3279 413 3361 Epistola,
433 3299 531 3364 quam
548 3302 606 3345 nos
619 3279 662 3344 ad
673 3282 822 3366 Ephesios
830 3283 1054 3367 praecriptam
1068 3282 1238 3363 habemus,
1257 3280 1400 3344 haeretici

262 3401 338 3443 vero
369 3379 410 3443 ad
436 3379 643 3446 Laodicenos.
673 3410 687 3444 s
718 3385 757 3446 Et
782 3383 866 3447 inlra
892 3407 900 3447 ε
927 3409 942 3444 <‹
968 3384 1108 3449 Ecclcsz'ae
1131 3384 1251 3469 quidem
1275 3385 1401 3446 veritate

109 3566 111 3571 Ι
161 3565 169 3576 .
261 3483 433 3566 Epistolam
449 3491 540 3548 istem
554 3487 595 3549 ad
609 3486 759 3571 Ephesios
776 3488 933 3552 habemns
950 3489 1113 3571 emissam,
1138 3510 1202 3552 non
1218 3486 1261 3551 ad
1277 3484 1400 3551 Laodi-

156 3616 158 3619 *
261 3604 370 3665 cenos,
392 3581 447 3646 sed
473 3585 615 3665 Marcion
641 3587 670 3650 ei
692 3589 819 3652 titulum
843 3587 1019 3675 aliquando
1044 3590 1238 3674 interpolare
1268 3589 1398 3673 gestiit,

262 3687 354 3771 quasi
370 3695 400 3749 et
416 3688 448 3749 in
465 3687 523 3767 islo
541 3686 799 3774 diligentissimus
811 3693 1005 3777 explorator.
1023 3691 1108 3755 Nihil
1122 3701 1229 3755 autem
1246 3689 1287 3754 de
1299 3690 1400 3753 titulis

261 3789 402 3868 interest,
418 3810 492 3852 eum
506 3788 548 3853 ad
561 3813 672 3855 omnes
685 3793 855 3879 Apostolus
868 3796 1029 3881 scripserit
1040 3794 1118 3858 dum
1136 3793 1178 3859 ad
1195 3791 1365 3880 quosdam.
1381 3819 1397 3855 s

295 4002 331 4063 (t)
342 4000 401 4054 Act.
414 4003 499 4064 ivm,
511 4003 553 4054 20.
613 4056 616 4060 .

293 4084 528 4149 &mmm

294 4168 330 4231 (ὅ)
343 4168 444 4229 Minius,
456 4166 622 4227 Wetstenius,
638 4167 723 4230 Paley,
739 4168 847 4231 besson,
861 4183 902 4233 ep.
916 4171 1010 4222 Gtatre.

294 4248 330 4309 (n
342 4248 411 4299 tnta
421 4239 513 4300 moe
522 4250 618 4309 wate,
632 4248 736 4300 sinan.
749 4247 765 4315 ς
776 4252 834 4303 us.

294 4329 331 4392 (3)
345 4329 456 4382 Advers.
472 4331 606 4382 Marcion.
618 4330 648 4391 V,
666 4331 705 4392 ll,
721 4332 758 4382 17.
