3132 4964
401 347 476 391 rans
489 347 513 391 1.
528 347 621 400 error
632 347 700 391 xm.
717 346 755 389 nn
766 346 856 390 enno
872 344 1119 390 raovnnmonmt.
1267 323 1326 387 tat

200 446 311 510 nullus
329 447 470 511 noscitur
488 446 703 511 israelitarum
722 467 779 509 rex
800 445 854 531 qui
872 445 1004 509 anuel
1023 453 1154 508 vocatus
1172 442 1279 524 luerit,
1299 451 1330 506 et
1429 454 1431 459 ’

201 548 420 633 improbabile
444 570 573 634 prorsus
588 558 634 611 est
654 549 711 612 ista
728 547 827 612 verba
842 548 910 631 regi
925 546 1034 631 gentili
1059 566 1127 609 esse
1146 541 1327 608 tribuenda.

202 650 396 714 Eneomium
416 660 524 714 autem
552 650 694 713 mulieris
720 650 810 714 lortis
830 669 948 713 nomen
974 670 1038 713 non
1056 646 1163 733 prodit
1179 647 1327 711 auctoris.

204 751 356 837 Quisquis
369 762 477 816 autem
489 753 605 816 borum
618 753 760 836 capitum
772 761 883 816 auctor
895 748 1050 815 dicendus
1062 751 1112 834 sit,
1125 749 1331 813 nibilominus

207 862 330 917 certum
344 865 489 919 remanet
501 854 574 918 libri
588 854 837 920 Prorerbiorum
849 854 1053 918 Salomonem
1070 862 1233 918 auctorem
1249 873 1328 916 esse.

207 957 361 1038 Quamvis
383 969 491 1023 autem
514 960 621 1024 omnia
645 958 815 1044 proverbia
837 958 871 1022 in
894 957 976 1023 libro
997 964 1167 1039 contenta,
1193 957 1331 1040 exceptis

206 1060 339 1124 fortasse
356 1062 475 1125 ultimis
490 1060 617 1126 duobus
632 1061 800 1147 capitibus,
814 1060 977 1125 Salomoni
989 1058 1159 1125 tribuenda
1173 1061 1247 1142 sint,
1266 1081 1331 1123 non

206 1162 338 1227 fuerunt
357 1163 400 1227 ab
419 1165 488 1249 ipso
504 1165 537 1228 in
556 1185 657 1228 unum
678 1173 856 1249 compacta.
875 1163 955 1227 Nam
974 1184 1014 1226 ex
1037 1164 1240 1246 inscriptione
1257 1183 1329 1246 cap.

206 1264 297 1330 XXV
320 1265 470 1330 discimus
491 1268 577 1333 viros
599 1268 739 1332 Ezecbiae
761 1265 952 1353 praecedenti
970 1266 1150 1330 collectioni
1172 1263 1332 1361 addidisse

206 1365 271 1429 alia
285 1366 463 1432 Salomonis
481 1368 663 1453 proverbia,
681 1389 752 1453 quae
769 1367 901 1431 fortasse
918 1376 1012 1431 antea
1027 1367 1199 1451 separatim
1215 1367 1332 1451 scripta

139 1533 145 1541 ,
207 1467 429 1534 servabantur.

253 1573 284 1636 d.
301 1571 452 1636 Nonnulli
464 1574 690 1657 Rationalistae,
706 1583 741 1637 ut
753 1573 920 1638 Bartholdt
933 1581 963 1636 et
974 1574 1020 1637 ne
1033 1575 1140 1638 Wette
1153 1574 1213 1659 (l),
1226 1575 1333 1659 priora

208 1695 326 1738 novem
339 1677 443 1760 capita
455 1676 635 1741 Salomonis
647 1698 716 1741 esse
731 1686 859 1761 negant.
877 1677 939 1740 lsta
955 1677 1041 1739 enim
1054 1675 1246 1742 introductio
1259 1678 1334 1763 ipsis

208 1775 336 1840 videtur
345 1779 388 1841 ita
398 1780 522 1863 prolixa
532 1789 563 1843 et
573 1781 750 1844 ‘hortatoria
759 1800 798 1842 ac
810 1789 875 1842 tam
888 1799 999 1842 severa
1007 1777 1048 1842 de
1060 1779 1201 1843 castitate
1212 1781 1333 1843 monita

211 1878 386 1963 continere,
405 1890 439 1944 ut
451 1883 555 1966 potius
572 1881 699 1946 cuidam
712 1881 879 1966 Prophetae
901 1889 955 1944 aut
974 1880 1129 1945 sacerdoti
1147 1903 1245 1968 quam
1266 1884 1333 1968 regi

210 1982 374 2048 Salomoni
387 1983 599 2049 adscribenda
611 1987 660 2049 sit.
676 1983 738 2048 Sed
755 1985 820 2047 istae
836 1985 974 2047 rationes
989 1982 1131 2048 debitam
1146 1987 1335 2050 authentica

210 2085 409 2169 inscriptioni
433 2086 531 2177 tidem
558 2085 721 2150 infirmare
749 2107 813 2149 non
839 2086 956 2149 valent.
990 2086 1060 2148 lmo
1084 2087 1162 2150 nihil
1184 2086 1335 2171 ponderis

210 2186 344 2251 habent.
363 2189 440 2270 Quis
452 2189 539 2253 enim
556 2190 660 2274 aptior
672 2189 732 2253 luit
744 2209 841 2274 quam
859 2210 916 2251 rex
931 2189 1075 2251 omnium
1089 2190 1336 2273 sapientissimus

154 2345 171 2372 ,
211 2298 247 2353 ut
264 2291 409 2356 homines
420 2293 570 2377 gravibus
583 2314 622 2357 ae
634 2292 781 2356 suasoriis
793 2290 899 2355 verbis
911 2289 953 2354 ad
970 2289 1156 2375 sapientiam
1168 2292 1337 2363 incitaret?

211 2393 291 2474 Quis
317 2396 431 2459 melius
451 2417 549 2481 quam
572 2396 713 2478 salomo,
736 2395 815 2458 tristi
840 2394 931 2478 lapsu
957 2393 1055 2479 patris
1079 2396 1126 2458 sui
1150 2403 1181 2458 et
1203 2395 1336 2467 fortasse

209 2498 342 2582 propria
359 2500 552 2583 experientia
568 2497 710 2581 edoctus,
728 2498 830 2583 potuit
847 2517 1037 2581 cognoscere
1054 2518 1152 2582 quam
1171 2519 1337 2563 commen-

210 2599 321 2665 danda
335 2611 416 2665 esset
437 2623 565 2667 morum
582 2601 729 2666 castitas?
749 2601 849 2664 Nimis
866 2601 990 2685 prolixa
1006 2598 1133 2664 ridetur
1148 2601 1338 2668 adversariis

211 2706 328 2769 nostris
343 2702 547 2787 introductio,
565 2702 622 2768 sed
637 2705 730 2768 nimis
750 2704 873 2788 prolixa
894 2703 990 2766 etiam
1008 2701 1109 2767 videri
1126 2713 1230 2789 posset
1251 2727 1337 2791 prae-

211 2806 291 2870 fatio
304 2809 442 2871 sermoni
455 2808 526 2871 Eliu
538 2808 699 2892 praemissa
712 2808 745 2870 in
758 2806 841 2872 libro
854 2806 926 2870 lobi
939 2816 969 2870 et
982 2816 1090 2870 tamen
1102 2828 1213 2872 omnes
1225 2807 1339 2872 admit-

210 2918 284 2972 tunt
303 2910 523 2994 prelationem
543 2919 574 2973 et
593 2930 774 2974 sermonem
797 2907 941 2994 ejusdem
962 2930 1028 2971 esse
1050 2910 1198 2973 auctoris.
1216 2911 1339 2974 Rursus

211 3012 260 3075 De
277 3012 385 3076 Wette
404 3022 499 3097 negat
513 3013 709 3076 authentiam
731 3011 925 3076 collectionis
944 3011 1035 3074 facta
1051 3033 1070 3074 a
1088 3012 1163 3074 viris
1183 3012 1335 3094 Ezechiae,

212 3135 286 3199 quae
316 3136 410 3200 capp.
444 3115 660 3181 xxv-xxix
684 3114 853 3177 invenitur.
878 3113 1015 3194 Etenim,
1039 3115 1165 3198 inquit,
1194 3135 1294 3199 quum
1318 3137 1338 3179 a

212 3217 386 3282 Salomone
403 3217 444 3282 ad
468 3218 635 3283 Ezechiam
659 3218 719 3281 tria
742 3217 857 3280 saecula
877 3213 1067 3298 effluxerint,
1088 3215 1158 3279 lieri
1180 3218 1282 3300 potuit
1304 3227 1339 3280 ut

212 3322 299 3385 intra
314 3322 376 3385 hoc
392 3323 543 3407 temporis
561 3322 697 3406 spatium
714 3321 805 3404 plura
824 3318 995 3404 proverbia
1011 3319 1068 3403 ipsi
1085 3319 1166 3383 salso
1181 3320 1338 3384 attribue-

211 3433 336 3488 rentur.
358 3423 441 3506 Quid
458 3425 520 3489 hoc
532 3425 698 3488 ratiocinio
715 3421 898 3487 infirmius?
912 3421 980 3486 Viri
992 3422 1132 3486 Ezechiae
1148 3425 1250 3498 testati
1266 3434 1339 3488 sunt

212 3528 274 3590 ista
288 3527 457 3610 proverbia
471 3526 650 3591 Salomonis
663 3547 742 3590 csse.
757 3526 892 3590 Facilius
907 3534 1014 3588 autem
1027 3525 1102 3610 ipsis
1117 3535 1184 3589 erat
1197 3538 1268 3611 post
1279 3529 1339 3591 tria

212 3629 330 3693 saecula
345 3630 425 3694 scire
438 3652 475 3694 ea
491 3630 669 3693 Salomonis
684 3650 750 3693 esse
768 3649 866 3713 qutun
883 3627 973 3691 nobis
989 3637 1059 3713 post
1073 3628 1182 3712 viginti
1198 3629 1340 3716 quinque

213 3734 332 3796 saecula
344 3735 426 3797 scire
438 3732 552 3798 eadem
565 3733 663 3817 ipsius
678 3754 743 3796 non
755 3753 833 3795 esse.
849 3729 911 3794 Sed
927 3732 1021 3794 instat
1036 3731 1082 3793 De
1098 3732 1205 3795 Wette
1219 3740 1250 3794 ct
1262 3754 1340 3797 con-

213 3833 319 3899 tendit
337 3836 430 3899 istam
451 3836 672 3900 collectionem
690 3856 709 3898 a
724 3831 915 3919 precedenti
935 3834 978 3897 ita
998 3831 1180 3918 discrepare
1196 3843 1227 3897 et
1243 3835 1340 3899 talem

212 3939 289 4001 ritae
310 3939 440 4020 privatae
458 3948 489 4001 et
505 3939 629 4001 rusticae
650 3938 810 4001 notionem
828 3936 860 4000 in
879 3945 1008 4000 auctore
1028 3934 1207 4020 ostendere,
1225 3946 1260 4001 ut
1276 3939 1341 4002 im-

211 4036 386 4125 probabile
402 4060 531 4123 prorsus
556 4040 594 4101 sit
609 4041 668 4103 ista
684 4039 854 4124 proverbia
874 4060 891 4101 a
913 4038 1083 4101 Salomone
1107 4060 1174 4102 esse
1198 4043 1342 4105 conscri-

212 4152 284 4229 pta.
296 4138 360 4204 Sed
372 4141 440 4206 haec
455 4143 628 4227 praevalere
642 4151 805 4227 nequeunt
817 4151 928 4206 eontra
944 4138 1098 4204 disertum
1113 4140 1185 4205 libri
1200 4145 1341 4209 testimo·

247 4361 286 4425 tl)
299 4357 351 4408 Cir.
364 4360 400 4410 lle
413 4359 507 4424 Wette,
524 4360 627 4412 Etnleit.
642 4362 668 4411 ἵεἱ
678 4361 718 4412 ed.
735 4367 800 4423 part.
813 4358 854 4423 llt,
869 4365 932 4410 sect.
946 4358 988 4422 lll,
999 4374 1021 4411 e.
1034 4361 1060 4423 l,
1073 4358 1155 4427 5281.
