3134 4934
323 318 398 360 enas
411 318 446 361 n.
465 318 558 360 esaar
575 319 617 360 tu.
635 317 673 360 oa
686 287 797 361 ereren
808 314 957 358 errsronrs
972 311 1156 354 carnosiora.
1246 288 1309 352 579

178 417 242 500 Ipsi
266 415 361 500 igitur
378 414 516 480 adscribi
542 417 652 501 nequit
677 414 816 500 Epistola
838 411 879 476 de
900 433 964 497 qua
987 412 1122 495 agimus.
1151 411 1311 474 chranet

178 540 255 604 crgo
281 526 315 581 ut
339 539 412 582 eam
435 519 557 583 Jacobo
580 518 731 604 Alpbaei,
759 518 826 581 sive
849 515 984 598 minori,
1008 512 1098 577 fratri
1121 511 1247 576 Domini
1271 530 1310 572 ac

177 622 283 706 primo
309 621 515 707 ierosolyma
542 624 705 706 episcopo,
732 618 963 684 adscribamus.
982 617 1020 680 Et
1035 634 1146 679 revera
1172 611 1307 705 laeobo,

177 725 269 789 fratri
294 725 434 807 Domini,
452 723 658 788 tribuendam
674 745 741 788 csse
766 724 851 786 hanc
868 720 1041 807 Epistolam
1068 719 1225 815 antiquos,
1241 716 1309 779 lere

179 849 290 892 omnes
315 829 546 892 consentientes
569 827 748 909 babemus,
775 826 850 889 licet
874 844 986 887 eorum
1011 821 1157 886 nonnulli
1179 820 1309 905 fratrent

178 932 306 995 Domini
318 931 360 995 ab
375 930 500 1016 Atptaet
509 931 576 1016 filio
590 929 752 994 diversum
769 928 929 991 immerito
944 923 1193 989 existimaverint
1208 922 1268 1007 (l).

221 1034 253 1098 e.
272 1037 403 1118 Linque,
418 1032 499 1097 locus
515 1045 543 1096 et
558 1045 685 1118 tenipus.
712 1031 886 1116 Epistolam
910 1027 1022 1094 Jacobi
1039 1047 1140 1112 grace
1157 1025 1307 1109 scriptam

177 1137 286 1220 fuisse,
314 1138 359 1200 uti
378 1137 579 1200 communior
599 1134 661 1199 lert
677 1135 843 1216 sententia,
871 1155 908 1197 eo
927 1131 1128 1196 verisimilius
1143 1129 1307 1193 existima-

177 1240 261 1304 veris
284 1238 372 1326 quod
394 1238 436 1302 ad
460 1236 588 1303 Judaeos
611 1237 771 1322 dispersos
794 1235 914 1300 directa
938 1234 1058 1318 fuerit,
1084 1232 1139 1319 qui
1163 1231 1308 1296 versione

177 1342 264 1406 Lxx
279 1351 310 1405 ct
324 1343 432 1427 lingua
458 1362 561 1427 graeca
583 1341 766 1405 utebantur.
792 1339 944 1423 lacobus,
963 1358 1063 1423 quum
1080 1345 1161 1403 csset
1175 1335 1307 1399 leroso-

177 1445 271 1529 lymae
290 1445 470 1530 episeopus,
491 1445 524 1507 in
548 1465 586 1508 ea
614 1442 694 1507 urbe
709 1444 883 1528 Epistolam
902 1441 1081 1505 exaraverit
1099 1437 1308 1524 probabiliter

177 1547 261 1611 intra
285 1547 364 1611 illud
391 1549 544 1633 temporis
559 1544 709 1632 spatium,
728 1546 815 1632 quod
832 1546 971 1609 excurrit
994 1567 1013 1608 a
1032 1542 1106 1607 data
1121 1540 1162 1605 ad
1182 1544 1307 1605 Roma-

175 1671 237 1713 nos
259 1650 350 1714 Pauli
379 1652 520 1736 Epistola
544 1649 584 1714 ad
612 1659 749 1714 mortem
772 1650 909 1733 Jacobi,
945 1670 1002 1712 seu
1024 1647 1068 1711 ab
1090 1667 1176 1711 anno
1200 1645 1241 1709 58
1264 1643 1306 1708 ad

177 1774 299 1816 annum
316 1754 357 1819 62
371 1754 421 1817 vcl
438 1753 492 1838 65,
509 1775 573 1839 quo
588 1753 729 1818 lacobus
745 1754 930 1817 interfectus
951 1753 1021 1816 luit.

222 1855 253 1917 7.
287 1856 459 1918 Arestoritns
482 1858 637 1919 cortonam.
666 1855 826 1919 Canorrica
841 1855 989 1939 Epistola}
1007 1853 1039 1916 S.
1057 1852 1170 1917 Jacobi
1191 1860 1306 1914 aucto-

166 1959 274 2040 ritas,
297 1957 340 2020 ab
367 1956 456 2023 initio
485 1979 548 2021 non
575 1958 680 2022 statim
701 1957 849 2021 omnibus
876 1964 1039 2040 comperta
1064 1956 1171 2019 luerit.
1203 1954 1306 2017 Euse-

176 2059 249 2123 bius
262 2059 310 2145 (ἓ)
323 2061 497 2144 Epistulam
513 2071 657 2124 recenset
669 2061 752 2123 inter
768 2060 947 2146 Scripturas
969 2057 1011 2122 dc
1033 2056 1149 2143 quibus
1164 2056 1306 2140 ambigi-

176 2170 240 2224 tur.
266 2161 346 2224 Eum
370 2172 497 2226 secutus
519 2163 731 2248 Hieronymus
761 2162 821 2248 (5),
853 2159 942 2225 addit
967 2161 1081 2245 ipsam,
1112 2157 1304 2244 procedente

175 2273 333 2348 tempore,
349 2266 569 2351 auctoritatem
586 2264 771 2329 obtinuisse.

221 2368 252 2429 a.
272 2364 407 2459 Quodsi
424 2367 467 2430 ab
483 2368 715 2453 antiquioribus
731 2367 878 2432 Patribus
896 2367 1001 2430 minus
1017 2367 1202 2451 frequenter
1224 2365 1298 2429 alle·

175 2481 249 2554 gata
265 2469 372 2552 luerit,
392 2469 454 2534 hoc
467 2493 506 2534 ex
530 2472 677 2558 Epistola
696 2470 804 2535 indole
821 2471 958 2534 maxime
975 2467 1116 2555 pendere
1131 2466 1303 2533 dicendum

175 2581 234 2654 est,
248 2594 322 2658 quoe
345 2571 469 2637 indoles
493 2575 564 2638 talis
580 2584 650 2638 erat
664 2584 698 2637 ut
714 2572 866 2638 adversus
882 2574 1018 2637 hareses
1036 2574 1138 2658 prima
1156 2573 1304 2636 Ecclesiae

175 2685 265 2739 aetate
290 2687 468 2761 grassantes
493 2680 544 2741 vix
568 2678 699 2763 allegari
725 2678 872 2763 potnerit.
898 2677 962 2740 Sed
977 2700 1000 2760 ,¹
1019 2675 1093 2740 inde
1126 2675 1169 2739 ab
1192 2684 1303 2739 exacto

206 2921 243 2985 (1)
258 2923 313 2973 vid.
327 2922 426 2986 Liagre,
438 2923 539 2988 Prolep.
553 2925 580 2973 in
598 2925 683 2989 lipsi.
697 2923 787 2974 Jarott
800 2937 823 2986 p.
836 2922 909 2974 9-25.

207 3005 244 3068 (2)
254 3005 390 3066 Eusebius,
405 3005 472 3056 Hist,
487 3005 559 3057 Ecet.
573 3008 613 3067 lt,
626 3005 658 3058 23
667 3007 721 3057 ait:
741 3023 751 3052 a
766 3006 894 3057 sciendum
910 3006 1047 3069 Epistolam
1060 3004 1162 3071 (iacobi)
1173 3019 1228 3056 esse
1240 3019 1304 3068 sup-

173 3087 312 3151 posititiam
331 3085 419 3152 (barte
437 3086 463 3136 a
482 3096 507 3139 es
526 3091 648 3153 ritatem).
666 3089 731 3139 sane
751 3088 974 3152 pauciadmodum
991 3088 1229 3148 cummaioribus,
1249 3093 1304 3137 tum

173 3170 251 3232 buius
268 3170 388 3233 Epistola
404 3178 459 3222 tum
474 3171 543 3222 itlius
557 3171 637 3234 ludar,
655 3184 713 3235 quae
732 3178 759 3221 et
777 3172 830 3234 ipsu
848 3171 872 3220 in
888 3177 987 3233 septen
998 3171 1181 3221 Catholicarunr
1198 3183 1304 3220 numero

84 3295 86 3298 ,
173 3258 329 3313 recensetur,
347 3254 502 3304 mentionem
516 3253 607 3305 iecere.
624 3255 803 3304 Verumtamen
820 3254 864 3303 iras
878 3265 981 3316 quoque
994 3266 1052 3303 enm
1068 3252 1160 3304 ceteris
1174 3253 1199 3301 in
1216 3252 1305 3316 piori-

175 3334 225 3382 mis
235 3334 346 3383 eeclesiis
356 3333 458 3398 publica
472 3336 584 3385 lectitant
595 3335 767 3398 cognovimus.
782 3351 794 3380 r
811 3333 872 3384 ibid,
886 3332 927 3394 ΙΙΙ,
941 3332 992 3384 25:
1010 3352 1020 3380 s
1036 3332 1119 3384 Extis
1133 3346 1191 3383 aero
1202 3332 1304 3396 Episto-

174 3415 214 3477 iis,
232 3419 298 3479 {quae
315 3416 341 3465 in
360 3416 467 3467 dubium
486 3424 667 3468 revomntura
685 3416 772 3466 multi-s
791 3422 877 3467 tortian
900 3417 1097 3466 comnmuorori
1114 3417 1245 3477 cinarus,
1266 3423 1304 3465 est

176 3497 288 3561 Epistola
306 3511 364 3561 quae
381 3499 476 3549 dicitnr
498 3499 582 3550 iacobi
602 3506 629 3550 et
644 3511 703 3562 quae
719 3497 808 3557 tudae,
829 3505 856 3548 et
878 3499 986 3550 munda
1004 3498 1092 3556 Petri;
1120 3498 1221 3549 ioannis
1241 3498 1303 3547 item

174 3581 252 3643 attera
274 3587 302 3630 et
316 3580 402 3641 tertia,
426 3580 478 3632 sire
493 3581 543 3632 ittae
560 3582 591 3632 ab
613 3580 668 3645 ipso
684 3592 770 3630 revera
787 3580 960 3643 Euangeliou,
977 3581 1029 3632 sive
1045 3581 1078 3630 ab
1094 3581 1174 3631 altero
1189 3580 1303 3642 ejusdem
1393 3624 1398 3633 .

175 3662 443 3725 nominiscompositae
460 3669 529 3713 sunt.
550 3662 609 3712 sin
625 3661 722 3712 Psatm.
740 3661 796 3711 ao:
816 3681 827 3706 ι
845 3662 888 3713 Ait
905 3675 974 3713 sacer
993 3662 1150 3725 Apostolus:
1173 3663 1304 3713 Tristotnr

173 3745 233 3808 quis
247 3746 275 3794 in
292 3745 373 3808 vobis,
389 3753 444 3798 oret
459 3748 518 3811 (iac.
536 3750 566 3809 V,
584 3750 631 3812 te).
650 3766 661 3796 s

207 3826 243 3891 (ὅ)
258 3827 294 3878 De
312 3828 367 3879 l'ir.
381 3830 417 3880 stt.
435 3829 468 3880 2:
489 3848 500 3876 «
518 3831 624 3884 Jaconus
637 3838 715 3884 ‘unam
735 3841 834 3885 tantum
851 3835 952 3897 scripsit
968 3834 1122 3897 Epistotarn,
1136 3847 1195 3897 quae
1211 3834 1243 3884 de
1259 3847 1302 3884 se-

176 3916 244 3970 ptem
257 3909 392 3973 catholicis
407 3922 463 3976 ‹st3
479 3927 537 3976 quse
550 3914 632 3977 etipsa
648 3917 681 3966 ab
695 3916 745 3967 atio
761 3918 869 3980 quodam
882 3920 931 3968 suti
945 3918 1046 3966 nomine
1059 3916 1115 3979 eius
1127 3916 1302 3967 editaasseri-

175 3996 234 4040 tur:
252 3990 311 4042 licat
322 3994 460 4057 paulatim,
474 4000 589 4060 tempore
601 3998 761 4061 procedente,
778 3998 918 4049 obtinueri
929 3998 1113 4049 atrctou'tatent.
1128 4015 1139 4046 r
1152 3999 1178 4049 ln
1191 3998 1302 4060 Epistola

173 4078 258 4123 autem
275 4074 308 4124 ad
331 4074 490 4137 Paulinam,
514 4077 558 4127 ubi
576 4087 691 4130 recenset
713 4094 802 4131 ornnes
820 4081 957 4144 scriptura
975 4081 1060 4142 libros,
1079 4081 1176 4132 nullum
1194 4081 1301 4132 dubium

174 4162 258 4206 moret
270 4156 302 4207 de
319 4157 535 4220 Epistonumoi.
553 4175 564 4205 a
583 4160 698 4225 tacebas,
714 4162 807 4227 inquit,
825 4164 926 4225 Petrus,
944 4163 1060 4224 loannes,
1076 4163 1160 4225 iudas,
1178 4164 1301 4228 Apostoli,

86 4290 88 4294 ,
173 4245 271 4301 septem
285 4239 408 4302 Epistulas
423 4241 559 4293 ediderunt
572 4251 622 4294 tam
638 4247 756 4309 mysticas
769 4260 845 4310 quam
861 4248 1000 4299 succinctas
1018 4254 1044 4298 et
1060 4248 1150 4299 breves
1164 4248 1258 4311 pariter
1273 4254 1301 4299 ct

172 4322 275 4387 tongris:
293 4324 383 4376 breves
397 4325 424 4376 in
440 4326 529 4388 remis,
546 4327 633 4392 longas
647 4329 672 4379 in
685 4325 826 4383 sententiis.
841 4347 853 4379 s
