3166 4958
205 322 289 388 inas
303 346 337 388 u.
352 342 444 385 carus
456 342 479 383 1.
495 341 533 383 uu
547 341 814 406 amanuensem.
828 343 925 394 Arous
937 342 1073 385 conarer.
1089 340 1170 384 aun.
1184 341 1216 384 n.
1231 343 1259 385 r.
1275 319 1333 384 201
1369 380 1370 393 ,

204 444 353 508 videntia
368 441 540 526 divinoque
557 440 705 506 instinctu
718 442 857 528 impulsi,
872 440 1058 526 rogantibus
1073 437 1233 520 fidelibus,
1253 437 1337 502 dicta

206 547 353 632 Magistri
366 553 462 631 atque
475 545 560 640 facta
571 544 681 608 litteris
695 545 921 629 consignarunt
936 552 971 607 ut
989 542 1137 626 exemplo
1151 541 1222 604 vitae
1235 550 1337 605 essent

208 649 392 714 christianis
408 657 438 711 et
453 656 608 732 perpetuo
625 646 739 712 divinae
755 647 908 712 doctrinae
921 646 1113 710 testimonio.

258 753 289 815 4.
315 752 384 815 Hoc
397 748 525 836 jamdiu
549 749 843 815 animadverterunt
866 750 921 815 SS.
940 751 1062 813 Patres.
1085 748 1173 812 Unus
1190 747 1339 812 audiatur

209 853 368 918 Eusebius
392 851 438 937 (l)
466 874 473 914 ε
503 876 517 909 «
543 850 759 916 Admirabiles
782 852 829 916 illi
852 842 1046 937 prorsusque
1075 849 1173 915 divini
1196 851 1339 935 Apostoli

210 957 388 1021 Servatoris
406 955 516 1037 nostri,
536 975 609 1018 cum
627 964 730 1019 essent
750 956 814 1021 vita
832 953 964 1041 quidem
983 953 1180 1018 semoribus
1200 956 1340 1039 castiga-

210 1060 336 1141 tissimi,
351 1068 381 1122 et
397 1057 545 1122 omnibus
560 1057 727 1122 virtutihus
740 1060 854 1139 ornati,
873 1079 1019 1123 sermone
1035 1066 1142 1121 autem
1159 1059 1226 1142 ipso
1242 1056 1340 1121 rudes

211 1169 317 1225 essent
329 1169 359 1224 ct
371 1160 479 1224 inculti
499 1182 507 1222 ε
522 1159 593 1223 lreti
606 1157 713 1224 divina
731 1170 761 1225 et
772 1159 906 1225 mirifica
919 1161 1034 1225 virtute
1052 1161 1126 1245 ipsis
1140 1182 1158 1223 a
1171 1160 1339 1223 Servatoro

213 1285 375 1346 concessa,
401 1261 569 1327 artificioso
593 1272 708 1327 ornatu
733 1264 874 1349 Magistri
910 1264 958 1326 sui
987 1271 1145 1348 praecepta
1180 1283 1339 1346 exponere

212 1388 319 1453 nequo
347 1375 502 1430 noverant
529 1357 635 1452 neque
656 1367 732 1430 item
756 1365 966 1430 conabantur.
987 1362 1050 1429 Sed
1068 1363 1249 1450 adjuvantis
1268 1365 1340 1428 illos

211 1458 347 1554 Spiritus
360 1469 459 1532 sancti
478 1467 748 1533 demonstratione
769 1479 800 1534 et
816 1471 931 1543 virtute
949 1469 1075 1551 Christi,
1093 1488 1165 1555 quae
1183 1489 1241 1552 per
1255 1470 1340 1552 ipsos

191 1573 352 1657 plurima
377 1572 581 1655 perpetrabat
609 1573 762 1637 miracula
787 1570 1009 1636 tantummodo
1033 1581 1168 1651 utentes,
1196 1571 1339 1634 notitiam

211 1675 304 1759 regui
321 1674 473 1738 coelorum
486 1673 556 1738 orbi
572 1683 731 1738 terrarum
746 1675 946 1739 nuntiabant.
965 1674 1075 1760 Neque
1097 1695 1180 1738 eurae
1196 1675 1341 1738 illiserat

211 1776 313 1840 libros
343 1776 505 1859 seribere3
532 1777 650 1861 quippe
674 1778 729 1862 qui
753 1778 847 1862 longe
870 1777 1088 1862 praestantiore
1112 1777 1286 1840 ministerio
1309 1787 1341 1839 ct
1379 1836 1381 1840 ,

211 1901 309 1965 supra
324 1878 579 1943 humanaslvires
593 1880 695 1966 posito
713 1881 933 1965 fungerentur.
953 1880 1119 1966 »Exponit
1137 1878 1254 1943 deinde
1271 1880 1339 1943 Eu-

211 1980 319 2045 sebius
334 2001 487 2066 ‘quanam
513 1981 635 2044 ratione
660 1982 788 2067 impulsi
816 1981 992 2064 Matthaeus,
1023 1982 1159 2064 Marcus,
1186 1982 1287 2045 Lucas
1309 1990 1339 2043 et

209 2083 364 2165 loannes,
382 2103 476 2146 suum
492 2084 710 2170 unusquisque
727 2084 936 2169 Evangelium
954 2084 1125 2168 scripserit.

258 2183 289 2246 5.
307 2184 407 2268 Igitur
419 2205 523 2270 neque
539 2185 571 2248 in
588 2187 755 2270 proprium
770 2206 877 2268 usum,
893 2206 998 2271 neque
1014 2194 1048 2247 ut
1066 2187 1229 2249 memorias
1245 2183 1340 2248 dese-

210 2271 301 2350 ctum
329 2286 533 2351 sublevarent
547 2286 720 2373 (siquidem
744 2287 877 2373 Spiritus
900 2297 1026 2352 sanctus
1048 2288 1123 2373 ipsis
1151 2287 1342 2372 suggerebat
1403 2338 1406 2342 .

211 2388 322 2452 omnia
346 2410 557 2475 quacumque
577 2391 717 2455 Christus
736 2392 811 2476 ipsis
834 2388 972 2475 dixerat)
991 2389 1134 2476 Apostoli
1157 2391 1340 2475 evangelica

211 2492 330 2576 scripta
355 2502 614 2578 composuerunt,
633 2492 689 2557 sed
712 2502 747 2557 ut
769 2495 850 2558 votis
874 2503 970 2579 atque
994 2494 1171 2558 necessitati
1198 2491 1342 2557 fidelium

213 2595 272 2680 qui
289 2593 320 2658 id
338 2595 495 2680 rogabant
511 2596 728 2660 satisfacerent
742 2596 802 2683 (ἢ).

260 2697 292 2760 6.
320 2696 442 2762 Eodem
472 2698 568 2762 modo
596 2698 763 2784 Apostoli,
788 2709 824 2763 ut
850 2700 946 2764 variis
969 2700 1176 2764 ecclesiarum
1198 2699 1240 2763 ab
1268 2701 1343 2783 ipsis

214 2798 424 2864 fundatarum
443 2802 605 2886 exigentiis
622 2812 855 2885 succurrerent,
874 2802 1030 2887 Epistolas
1046 2823 1118 2865 suas
1142 2802 1342 2886 conscripse-

212 2911 301 2966 runt.
316 2902 440 2966 Etenim
455 2905 559 2968 statim
575 2926 613 2968 ac
632 2904 750 2969 alicubi
765 2904 863 2969 tidem
883 2905 1107 2968 nuntiaverant
1122 2913 1219 2989 atque
1234 2904 1342 2967 eccle-

212 3006 296 3069 siant
319 3003 543 3090 fundaverant,
571 3008 744 3072 constitutis
772 3009 804 3071 in
834 3007 896 3071 hac
926 3006 1059 3071 ecelesia
1087 3006 1261 3091 praepositis
1286 3007 1342 3090 qui

211 3108 300 3172 vices
316 3129 428 3173 eorum
452 3110 627 3195 explerent,
646 3111 749 3196 ipsam
772 3108 1041 3195 derelinquebant
1064 3116 1160 3194 atque
1183 3110 1244 3172 alio
1264 3129 1343 3193 per-

211 3211 355 3297 gebant,
392 3212 601 3298 Evangelium
631 3213 779 3278 omnibus
803 3211 1006 3299 praedicaturi
1025 3210 1118 3298 juxta
1146 3220 1342 3296 praeceptum

210 3317 290 3401 ipsis
304 3337 322 3378 a
336 3317 500 3381 Salvatore
516 3319 711 3403 impositum.
726 3318 759 3381 Si
772 3338 843 3403 quae
856 3315 1071 3380 nascebantur
1086 3324 1157 3400 post
1169 3313 1343 3378 discessum

211 3419 441 3502 Apostolorum
464 3420 669 3506 questiones,
696 3441 776 3506 quas
800 3422 923 3484 solvere
946 3417 1057 3484 fideles
1087 3439 1152 3482 non
1175 3417 1341 3500 valebant,

210 3543 360 3587 recursus
375 3523 473 3588 fiebat
487 3522 529 3587 ad
545 3524 725 3609 Apostolos.
740 3524 772 3587 Si
787 3525 899 3587 Romae
922 3532 978 3588 aut
1002 3521 1089 3608 apud
1111 3520 1241 3586 Galatas
1259 3522 1343 3585 orie-

211 3624 332 3688 bantur
354 3627 436 3689 inter
450 3619 770 3711 judaeo-christianos
793 3636 824 3690 et
846 3625 1183 3690 ethnico-christianos
1207 3625 1343 3686 aemula-

212 3729 315 3792 tiones
331 3738 362 3792 et
383 3730 604 3793 controversiae
620 3728 661 3793 de
684 3728 857 3793 abolitione
880 3730 959 3815 legis
981 3729 1137 3808 Mosaicae,
1152 3725 1192 3789 de
1205 3727 1342 3809 gratuita

205 3829 435 3916 justificatione
448 3854 506 3917 per
522 3831 632 3915 fidem,
646 3830 687 3895 de
700 3829 926 3916 reprobatione
940 3831 1138 3911 Judaeorum,
1152 3829 1178 3890 si
1189 3824 1341 3891 Corinthii

247 4109 283 4174 (l)
293 4109 360 4161 illst.
371 4111 441 4162 Eecl.
452 4110 494 4171 llt,
504 4110 546 4174 tt;
557 4111 608 4162 Glr.
620 4111 738 4172 lrenaeus,
751 4111 924 4163 Contralroer.
934 4111 951 4161 t.
964 4110 1006 4173 lll,
1017 4123 1040 4162 e.
1050 4108 1090 4172 lv,
1102 4110 1153 4175 l·2;
1163 4111 1189 4160 S.
1202 4109 1343 4173 cnr-psas,

211 4193 290 4246 Hom.
312 4194 323 4244 t
333 4194 360 4242 tn
372 4194 462 4245 ttutt'.
473 4193 653 4253 tertullianus,
665 4194 699 4244 De-
708 4194 858 4261 musertpt.
875 4192 959 4244 asar.

247 4274 286 4339 (tt
299 4275 417 4325 Dicemus
433 4274 497 4326 intra
515 4288 623 4340 quanam
640 4274 770 4326 occasione
787 4274 989 4339 unumquodque
1003 4274 1167 4339 Evangelium
1182 4275 1258 4326 luerit
1272 4288 1344 4326 oom-

183 4389 186 4394 -
212 4358 335 4424 positum.
