3168 4948
268 309 333 374 500
485 328 685 371 mrnouucuo
704 329 850 372 sosarnus
867 331 900 372 m
919 330 944 372 s.
959 330 1159 372 scurrrunnu.

268 429 354 493 rodis
377 450 511 515 porcum
535 448 723 514 essequam
747 427 860 492 filium.
891 455 905 489 s
933 427 1005 491 Alia
1028 428 1207 493 testimonia
1230 426 1390 492 adducere

268 531 481 595 necessarium
505 551 569 593 non
593 527 718 592 videtur
734 529 794 614 (l),
813 551 912 594 unum
929 529 1094 593 dumtaxat
1109 530 1297 594 memorabo
1318 530 1392 594 Cel-

165 639 167 644 ’
268 654 350 696 sum.

312 735 364 798 25.
394 735 501 798 Celsus
530 734 644 798 saeculo
672 735 702 796 ΙΙ
733 744 831 798 totam
856 735 1021 798 historiam
1050 734 1269 818 evangelicam
1291 735 1368 818 legit
1381 759 1390 816 3

268 859 340 902 eam
360 859 456 923 porro
476 838 509 900 in
527 836 661 901 dubium
684 860 749 901 non
768 846 872 921 vocat,
891 837 947 902 sed
972 837 1082 902 irridet
1104 838 1260 902 miracula
1280 837 1392 901 Christi

268 941 380 1025 magia
398 962 435 1004 ea
453 940 594 1004 tribuens
612 946 642 1004 'et
661 942 928 1005 resurrectionem
948 941 1139 1026 impugnans
1163 940 1223 1004 sub
1240 950 1393 1025 praetextu

268 1040 354 1128 quod
368 1042 587 1126 Evangelistae
603 1042 661 1106 sibi
678 1043 814 1106 invicem
832 1052 1045 1128 opponantur.
1063 1042 1142 1106 Cum
1162 1043 1252 1106 Celso
1272 1042 1394 1105 iaciunt

267 1147 321 1210 alii
337 1147 529 1231 philosophi,
547 1147 752 1232 Porphyrius
770 1147 944 1229 Hierocles,
959 1147 1104 1210 Julianus
1121 1145 1284 1230 Apostata.

313 1252 365 1313 ut.
384 1251 429 1312 Ex
442 1251 490 1313 his
503 1249 651 1314 omnibus
667 1251 798 1335 prolatis
814 1250 1009 1335 argumentis
1025 1259 1072 1313 sat
1093 1271 1251 1334 superque
1273 1257 1394 1312 constat

268 1353 514 1438 Evangeliorum
542 1355 668 1416 veritas.
698 1352 924 1418 Concludimus
951 1354 1047 1437 igitur
1066 1373 1140 1416 cum
1162 1351 1298 1414 Eusebio
1319 1351 1391 1436 (tlt

271 1480 285 1512 «
305 1452 441 1518 Credere
457 1463 580 1539 oportet
596 1455 671 1518 Jesu
689 1453 862 1538 discipulis,
886 1456 936 1519 vel
956 1476 1019 1518 non
1035 1479 1043 1537 3
1064 1451 1150 1539 quod
1171 1453 1195 1515 si
1212 1453 1287 1516 solis
1306 1453 1393 1515 hisce

269 1558 344 1620 viris
369 1555 557 1641 deneganda
580 1568 627 1621 est
649 1557 749 1640 fides,
780 1568 812 1621 et
831 1559 900 1622 aliis
926 1556 1072 1622 omnibus
1096 1554 1284 1641 deneganda
1309 1556 1368 1619 erit
1381 1605 1390 1639 ,

270 1660 465 1745 quicumque
488 1681 643 1744 unquam,
670 1662 734 1724 sive
757 1659 845 1746 apud
868 1660 1005 1743 Graecos,
1028 1661 1092 1722 sive
1112 1657 1199 1743 apud
1218 1657 1391 1741 Barbaros,

268 1761 348 1824 vitas
369 1771 400 1824 et
420 1762 577 1825 orationes
596 1770 627 1825 et
650 1772 828 1826 memoratu
853 1761 950 1846 digna
972 1762 1165 1845 scripserunt
1189 1780 1300 1824 eorum
1323 1761 1391 1844 qui,
1505 1776 1510 1783 ·

269 1865 364 1927 variis
387 1865 595 1949 temporibus
620 1867 682 1929 suis
709 1865 791 1929 hene
818 1888 856 1930 ac
879 1866 1056 1930 facinorose
1080 1865 1173 1949 gestis
1197 1865 1391 1927 claruerunt.

268 1966 333 2029 Aut
352 1968 377 2029 si
390 1968 520 2054 reliquis
537 1968 665 2053 quidem
679 1968 827 2032 omnibus
842 1968 985 2051 credere,
1005 1967 1166 2052 discipulis
1183 1988 1259 2030 vero
1280 1966 1393 2030 Christi

268 2071 342 2133 solis
367 2092 431 2134 non
456 2071 610 2155 credere,
635 2093 763 2159 aequum
787 2095 853 2136 esse
877 2071 972 2154 dicis,
999 2069 1161 2157 quomodo
1186 2091 1250 2133 non
1273 2069 1395 2155 patebit
1464 2066 1467 2069 ’

269 2171 389 2237 invidia
401 2174 417 2237 l

619 2390 649 2452 5.
677 2342 794 2454 Soldtio
819 2389 1040 2478 difficultatum.

313 2613 344 2674 l.
378 2609 451 2694 Obj.
472 2610 504 2671 l⁰
523 2609 624 2672 Lucas
642 2610 683 2691 II,
711 2609 772 2672 1-6
796 2611 839 2673 eit
863 2633 871 2672 ε
898 2613 1021 2675 Factum
1044 2623 1087 2676 est
1108 2623 1208 2675 autem
1234 2615 1266 2674 ire
1292 2613 1394 2677 diebus

269 2712 342 2781 illis.
367 2714 440 2774 eaiit
462 2712 589 2773 edictum
613 2733 630 2771 a
655 2708 775 2775 Cessare
797 2714 935 2796 Aupusto
953 2726 987 2776 ut
1007 2714 1220 2778 describeretur
1234 2718 1394 2779 uniuersas

268 2815 349 2879 ordis
370 2812 429 2899 (5)
444 2814 516 2876 Hae
528 2813 686 2897 descriptio
699 2815 803 2897 primo
819 2816 900 2899 facto
914 2828 957 2880 est
973 2818 1132 2901 apraside
1147 2819 1246 2905 Syria
1261 2817 1392 2904 Cyrtae.

268 2920 311 2982 Et
327 2917 409 2980 ibant
425 2939 525 2981 omnes
541 2928 575 2980 at
590 2918 806 3002 profiterentur
817 2917 933 3004 sispali
948 2924 980 2983 in
997 2942 1085 2984 saara
1100 2924 1259 2985 civitatem.
1273 2924 1395 2987 Ascen-

267 3023 313 3084 dit
335 3033 432 3084 oatem
457 3032 484 3083 et
506 3020 618 3104 Joseph
638 3042 657 3081 a
682 3019 809 3086 Galilaea
834 3023 1005 3087 decivitate
1025 3024 1180 3088 Nazareth
1200 3028 1233 3087 ia
1252 3026 1394 3090 Judaam

268 3127 301 3186 in
321 3127 468 3187 ciuitatem
484 3124 583 3186 David
603 3144 669 3208 qua
685 3135 807 3187 vocatur
822 3124 973 3189 Bethleem
988 3150 998 3188 .·
1014 3148 1046 3190 eo
1060 3128 1139 3212 qaod
1159 3139 1233 3191 esset
1251 3128 1286 3190 de
1305 3129 1394 3192 doato

267 3240 296 3291 et
309 3228 429 3312 familia
442 3228 552 3300 Dauid,
569 3239 601 3290 ut
619 3228 812 3312 profiteretur
834 3250 901 3290 cara
918 3231 1018 3292 Mario
1035 3230 1214 3314 desponsata
1226 3232 1284 3294 sihi
1300 3254 1395 3296 uxore

266 3341 453 3414 proepnaate.
480 3330 556 3392 Haee
578 3339 685 3392 autem
708 3329 816 3393 fictitia
833 3339 906 3394 sunt
925 3340 955 3394 et
975 3353 994 3394 a
1013 3332 1100 3395 Luca
1123 3354 1161 3396 eo
1178 3332 1242 3397 fine
1264 3335 1394 3398 inventa

268 3438 303 3490 ut
317 3428 415 3493 fidem
431 3429 490 3494 sihi
514 3429 708 3512 conciliaret,
726 3429 856 3515 quando
880 3431 1040 3496 asserebat
1060 3433 1218 3497 Christum
1238 3435 1271 3498 in
1290 3435 1395 3500 Beth-

269 3531 351 3594 leem
375 3530 464 3618 juxta
490 3532 693 3617 prophetiam
717 3542 827 3596 natum
852 3555 930 3598 esse.
950 3535 1075 3608 Etenim
1095 3535 1240 3600 fictitium
1264 3559 1394 3622 prorsus

267 3642 315 3698 est
328 3646 519 3719 praetensum
532 3633 612 3699 illud
624 3634 753 3698 Caeseris
764 3634 916 3721 edictum,
933 3635 1023 3722 cujus
1038 3639 1128 3702 nulla
1143 3640 1263 3703 mentio
1275 3661 1395 3705 occur-

268 3736 308 3799 rit
320 3737 406 3822 apud
418 3739 574 3821 Tacitum,
590 3737 788 3821 Suetonium,
804 3738 938 3803 Dionem
954 3739 1177 3827 Cassium,.,qui
1195 3762 1245 3806 res
1259 3732 1394 3828 Augusti

300 4024 336 4092 (tt
350 4023 462 4074 Plurima
478 4019 524 4069 elia
543 4019 685 4071 testimonia
704 4021 879 4072 subministrat
898 4022 989 4083 hallei,
1008 4021 1125 4074 Histoire
1142 4025 1173 4074 de
1190 4023 1396 4075 l'etablr'ssemcat

265 4109 302 4159 du
315 4102 508 4157 christianismo
523 4101 572 4150 trra
589 4101 633 4151 des
644 4101 711 4151 seule
725 4106 833 4152 auteurs
845 4115 920 4168 prees
934 4108 958 4154 et
973 4103 1061 4156 latins.

301 4187 335 4253 (Ξ)
348 4187 521 4238 Demonstrat.
537 4183 650 4248 maneat
667 4182 683 4232 t.
703 4181 745 4244 ΙΙΙ,
760 4196 783 4233 e.
799 4184 824 4234 5.

297 4270 337 4334 (5)
354 4263 587 4327 Universos-orbis,
605 4265 712 4329 scilieet,
730 4265 867 4318 hacanos.
888 4268 948 4320 Nam
965 4270 1031 4321 ultra
1046 4270 1148 4335 imperti
1167 4270 1263 4323 limites
1282 4272 1396 4325 edietum

268 4353 335 4405 terre
348 4352 479 4414 Augustus
493 4360 542 4397 uon
555 4347 659 4399 valebat.
