3142 4964
448 345 523 393 suls
539 351 561 393 1.
580 346 673 390 CAPUT
689 349 732 391 tv.
754 348 792 392 DE
804 349 904 391 LIBRI&
915 344 1030 395 REGUH.

171 449 356 514 Salomonis
373 450 573 533 aliorumque
592 468 705 531 regum
727 456 834 532 gesta,
855 449 907 512 alii
931 449 1004 514 libri
1021 452 1102 515 sacri
1127 449 1301 516 identidem

173 574 213 616 ex
227 551 317 615 libris
326 553 452 635 Regum
464 551 552 613 varia
565 550 704 634 allegant
718 559 747 613 et
758 547 952 636 quandoque
964 562 1091 616 servant
1105 553 1235 638 propria
1246 554 1303 617 bo·

172 675 248 718 rum
262 654 419 718 librorum
435 652 534 716 verba
546 651 605 738 (1).
624 649 747 716 Idcirco
759 673 871 717 omnes
883 654 983 719 Judaei
997 664 1028 718 et
1042 654 1208 719 Christiani
1225 676 1302 741 qua·

172 767 249 820 tuor
261 757 359 821 libros
372 759 499 841 Regum
512 775 638 839 semper
650 764 858 819 numerarunt
871 757 953 819 inter
968 757 1145 842 Scripturas
1163 732 1309 839 divinas]

220 860 273 922 tu.
295 858 368 943 Otj.
392 860 424 921 1⁰
453 859 551 920 Multa
577 855 729 939 absurda,
757 855 957 922 incredibilia
984 868 1015 922 et
1035 857 1298 940 contradictoria,

173 972 348 1026 occurrunt
375 962 406 1023 in
440 960 529 1023 libris
558 961 708 1044 Regum,
746 960 852 1044 qualia
877 969 950 1023 sunt
972 982 1044 1047 quae
1067 970 1236 1025 narrantur
1259 963 1300 1025 de

172 1064 388 1146 Bethsamitis,
405 1061 492 1149 quod
508 1064 729 1148 quinquaqinta
745 1062 841 1125 millio
858 1085 969 1126 eorum
989 1064 1146 1128 interfecti
1167 1064 1297 1146 fuerint,

174 1168 251 1252 quia
276 1168 427 1230 curiosius
452 1186 561 1230 arcam
587 1166 793 1249 inspexissent
809 1166 926 1250 (bllep.
954 1167 1006 1248 Vl,
1024 1166 1092 1250 ts),
1115 1177 1145 1231 et
1163 1189 1234 1253 quaa
1257 1167 1298 1231 de

172 1270 270 1332 Saule
284 1270 431 1353 leguntur
448 1269 552 1353 ipsum
574 1270 663 1330 tertius
679 1271 757 1330 eneti
770 1269 865 1332 luisse
883 1290 983 1354 quum
997 1290 1132 1354 regnare
1154 1272 1298 1355 coepisset

171 1372 207 1457 (I
227 1373 299 1456 Ray.
326 1372 427 1453 XXII,
451 1370 497 1455 l),
520 1370 595 1451 alia,
621 1369 736 1454 quibus
759 1381 943 1435 recensetur
964 1392 1116 1435 numerus
1138 1393 1296 1436 annorum

171 1473 309 1560 alicujus
322 1474 423 1557 regni,
438 1481 493 1536 aut
505 1493 656 1535 numerus
669 1474 879 1557 pugnantium
892 1483 922 1537 et
934 1476 1111 1539 occisorum
1123 1475 1156 1537 in
1169 1477 1231 1540 boc
1244 1477 1296 1539 vel

168 1577 228 1640 illo
249 1576 370 1661 praelio.
396 1577 496 1639 Porro
515 1575 608 1657 liber,
633 1574 772 1639 absurda
796 1585 826 1640 et
849 1577 1094 1643 conbadictoria
1118 1580 1294 1659 continens,

169 1701 232 1743 neo
246 1700 340 1743 verus
353 1700 412 1743 nec
428 1675 554 1741 divinus
567 1699 633 1741 esse
650 1687 762 1763 potest.
779 1680 875 1764 fflgo,
894 1688 954 1744 etc.
973 1682 1020 1745 lta
1033 1681 1258 1745 Rationalistae.
1368 1750 1373 1763 ,

215 1783 269 1846 ta.
287 1785 377 1866 Resp.
396 1782 470 1845 Haec
491 1790 522 1844 et
537 1790 641 1844 cetera
664 1781 858 1867 hujusmodi,
878 1784 902 1845 si
924 1784 958 1845 in
982 1805 1074 1847 sensu
1090 1783 1294 1849 adversario-

167 1906 245 1949 rum
263 1883 418 1948 sumenda
432 1884 548 1965 forent,
565 1884 796 1948 labefactarent
810 1886 914 1968 potius
930 1887 1071 1949 criticam
1088 1896 1191 1950 textus
1211 1887 1293 1950 inte·

168 1990 331 2074 gnitatem,
353 2008 450 2072 quam
473 1986 615 2050 divinem
641 1987 713 2050 libri
736 1989 966 2051 auctoritatem.
988 1989 1067 2052 Cum
1090 1990 1174 2052 enim
1198 2011 1292 2053 ama-

169 2112 308 2154 nuenses
326 2099 356 2153 et
373 2090 506 2172 librarii,
533 2091 629 2154 etiam
653 2090 889 2173 religiosissimi,
914 2090 989 2174 quia
1012 2099 1043 2153 et
1066 2091 1124 2173 ipsi
1146 2091 1293 2154 homines

168 2202 256 2277 sunt,
276 2194 309 2255 in
324 2194 430 2256 multis
446 2192 607 2274 labantur,
622 2192 796 2276 praesertim
812 2212 888 2255 vero
901 2192 934 2254 in
950 2194 1090 2256 numeris
1104 2192 1292 2257 describen-

168 2296 233 2379 dis,
248 2305 409 2380 prestaret
425 2317 478 2359 eos
495 2296 664 2359 oscitantia
680 2304 711 2358 et
732 2295 847 2358 erroris
867 2317 938 2359 reos
951 2294 1083 2379 habere,
1106 2317 1201 2381 quam
1215 2318 1291 2382 pro-

168 2401 370 2464 batissimum
405 2400 589 2463 historicum
624 2398 767 2461 salsitatis
801 2419 947 2482 arguere.
980 2399 1080 2463 Porro
1104 2400 1292 2482 interpretes

168 2506 319 2569 catholici
343 2505 376 2566 in
400 2504 632 2568 commentariis
660 2504 723 2565 suis
743 2501 964 2587 jamdiuhaec
987 2503 1094 2565 omnia
1116 2499 1288 2565 diluerunt.

167 2609 223 2671 Sic
246 2607 370 2670 verba:
397 2604 472 2669 Saul
491 2605 574 2690 filius
597 2608 687 2668 utrius
711 2609 786 2667 anni
808 2616 872 2666 erat
890 2625 981 2688 quum
1002 2626 1128 2688 rapuere
1147 2606 1290 2689 coepisset,

167 2709 285 2772 dnobus
316 2721 415 2770 truteno
439 2710 529 2771 annis
551 2709 686 2791 repnaoit
712 2716 787 2789 etc,
816 2704 858 2769 ad
884 2714 1024 2769 mentem
1046 2715 1149 2769 textus
1172 2694 1290 2768 bebraei

168 2813 214 2874 ita
232 2810 430 2894 interpretari
447 2810 495 2872 fas
514 2820 582 2872 est:
604 2834 617 2866 «
633 2809 704 2873 Jam
724 2829 844 2871 annum
860 2809 936 2872 Saul
957 2810 1149 2893 expleverat,
1171 2830 1209 2871 ex
1226 2829 1289 2894 quo

41 2945 52 2957 r
168 2915 312 2999 primum
337 2936 390 2977 rex
408 2922 531 2976 creatus
554 2913 657 2974 lucrat
680 2912 751 2996 (per
772 2910 852 2974 duos
869 2921 975 2974 autem
998 2932 1098 2974 annos
1118 2912 1287 2995 regnavit),

168 3037 273 3100 quum
287 3002 352 3079 tria·
363 3014 461 3077 millia
475 3013 515 3077 de
531 3014 629 3077 Israel
641 3011 700 3076 sibi
714 3013 818 3096 elegit.
836 3039 850 3071 o
866 3011 916 3075 Ad
930 3012 1288 3093 numerumnBetbsami·

166 3127 276 3180 tarum
289 3119 343 3203 qui
362 3118 455 3181 occisi
471 3115 629 3197 dicuntur,
644 3117 706 3178 boc
720 3115 762 3177 ita
777 3114 910 3197 intelligi
923 3122 1036 3197 potest,
1053 3121 1088 3176 ut
1104 3134 1167 3175 non
1185 3114 1288 3176 solum
1364 3111 1369 3117 ’

166 3218 210 3281 de
226 3219 437 3299 Bethsamitis,
463 3215 518 3280 sed
541 3215 581 3280 de
605 3226 670 3280 toto
687 3216 806 3299 populo
830 3216 884 3299 qui
900 3214 941 3278 ad
964 3210 1160 3278 invisendam
1178 3236 1287 3279 arcam

163 3331 310 3403 venerat,
331 3320 559 3405 quinquaginta
574 3319 673 3382 millia
690 3318 793 3382 occisa
809 3317 937 3380 fuerint.

211 3423 264 3485 tl.
286 3422 357 3506 obj.
372 3424 415 3485 2⁰.
431 3421 515 3488 Vera
532 3431 563 3484 et
575 3420 681 3483 divina
699 3441 765 3483 esse
781 3421 890 3505 nequit
906 3420 1078 3504 Scriptura,
1094 3439 1164 3504 quae
1177 3417 1286 3482 laudat

162 3526 272 3588 virum
306 3522 515 3608 proditionis,
545 3521 691 3586 adulterii
721 3531 751 3585 et
773 3521 936 3586 homicidii
958 3542 1073 3604 reum,
1099 3522 1187 3606 atqui
1211 3521 1284 3584 libri

162 3630 292 3711 Regum
311 3635 465 3689 testantur
479 3624 634 3688 Davidem
649 3627 752 3687 virum
776 3625 871 3687 fuisse
890 3623 982 3710 juxta
1007 3645 1062 3687 cor
1085 3624 1140 3687 Dei
1152 3648 1161 3706 3
1183 3622 1284 3687 David

162 3725 273 3793 autem
296 3730 329 3791 in
353 3730 488 3812 patriam
513 3727 639 3790 rebellis
664 3749 857 3812 suorumque
880 3726 1046 3812 proditor,
1073 3728 1227 3790 extraneis
1252 3748 1283 3789 se

160 3833 295 3897 sociavit
317 3840 351 3893 ut
376 3852 447 3894 suos
470 3830 667 3913 debellaret,
693 3831 868 3893 latronibus
891 3839 1042 3914 praeterea
1065 3851 1097 3892 se
1122 3828 1284 3914 conjunxit

159 3956 277 4001 eorum
292 3932 358 3997 dux
381 3934 493 4016 factus,
521 3932 658 4018 denique
683 3930 867 3995 crudelitate
893 3933 925 3995 in
950 3932 1105 4014 inimicoS,
1127 3930 1282 3995 adulterio

158 4060 237 4105 cum
249 4034 615 4130 Bethsabee,homicidio
628 4035 710 4098 Uriae
722 4035 820 4098 vitam
833 4057 922 4098 suam
934 4035 1280 4119 maculavit.Ergo,etc.

189 4285 229 4352 (t)
238 4283 268 4333 ln
280 4281 373 4333 narrt.
384 4280 437 4342 llll,
448 4282 498 4331 oet
509 4280 578 4331 llonn
591 4278 632 4344 xl,
644 4280 833 4343 &allegantur
841 4284 960 4342 tanquam
969 4278 1097 4342 Scriptura
1105 4279 1188 4330 divina
1197 4281 1212 4330 1
1219 4281 1278 4347 Ray.

154 4369 223 4431 xxi,
235 4367 252 4417 6
262 4372 291 4417 et
301 4364 342 4416 111
353 4364 411 4431 itaq.
423 4362 486 4428 lllll,
498 4363 581 4414 tots.
