3134 4934
316 316 391 359 PARS
404 315 439 360 11.
457 314 551 359 CAPUT
565 316 595 360 V.
615 315 653 357 ult
665 314 899 367 ounruonnucrtt
919 314 944 358 S.
964 314 1052 358 raum
1064 314 1224 359 immons,
1272 294 1337 360 565

204 411 380 499 Epistolam
402 416 554 499 scriptam
578 413 715 478 durante
736 416 829 478 tertio
851 415 964 478 itinere
987 414 1181 498 apostolico,
1206 413 1337 500 quando

202 517 333 601 Paulus,
355 526 525 603 postquam
548 517 709 602 Ephesum
734 516 924 602 reliquisset,
943 517 1079 580 venitin
1099 515 1334 598 Macedoniam3

204 620 258 682 alii
279 629 388 684 eutem
412 628 483 704 post
506 621 614 705 priora
638 620 729 683 Pauli
751 619 876 684 vineola
901 639 1049 703 romana,
1069 617 1201 705 quando
1219 621 1339 684 Paulus

106 796 109 801 Α
205 723 292 786 venit
306 742 416 786 rursus
431 722 465 785 in
479 723 568 786 Mace
636 723 713 786 iam.

250 826 303 889 to.
329 720 667 921 Argumentumfflit
689 825 992 909 rursus·Apostolus
1015 822 1056 887 de
1092 822 1203 889 officiis
1227 844 1340 886 eorum

207 929 263 1013 qui
288 948 399 991 euram
425 928 607 993 animarum
630 935 756 1012 gerunt.
782 927 820 989 Et
842 927 948 1011 primo
972 925 1196 1011 quidemlito
1219 928 1252 990 in
1275 947 1341 989 me·

112 1068 120 1083 x
208 1029 346 1094 moriam
358 1039 489 1094 revocat
503 1028 590 1115 quod
604 1029 703 1093 Cretae
718 1029 824 1113 ipsum
836 1028 1002 1112 reliquerit
1013 1036 1048 1105 ut
1068 1029 1242 1112 incoeptum
1259 1049 1340 1112 opus

209 1131 404 1218 perficeret,
431 1153 469 1196 ea
493 1153 565 1218 qure
589 1131 722 1195 deerant
745 1131 917 1215 corrigeret
939 1140 1036 1215 atque
1062 1130 1262 1216 presbyteros
1281 1152 1340 1214 per

209 1235 352 1300 civitates
375 1236 591 1299 constitueret.
614 1235 715 1298 Docet
738 1233 855 1319 quibus
884 1231 1012 1296 dotibus
1046 1235 1149 1297 ornati
1188 1254 1255 1297 osse
1278 1232 1340 1296 de-

206 1336 305 1402 beant
322 1338 462 1423 episcopi
482 1347 514 1401 et
534 1329 722 1422 presbiteri,
740 1333 904 1422 quomodo
922 1334 1057 1400 edocere
1073 1335 1213 1401 debeant
1230 1335 1340 1399 fideles

204 1439 298 1525 juxta
316 1441 421 1503 varias
436 1441 507 1503 ritae
526 1438 736 1524 conditiones,
756 1446 866 1503 monet
886 1437 1054 1521 fugiendos
1074 1438 1171 1502 falsos
1193 1437 1341 1502 doctores

210 1552 242 1607 et
261 1541 409 1628 judaicas
433 1541 584 1625 fabulas,
609 1552 707 1627 atque
740 1540 955 1609 obedientiam
979 1540 1193 1624 praestandam
1218 1540 1342 1625 princi-

208 1629 329 1732 pibuss

255 1750 307 1811 ll.
330 1750 377 1811 De
400 1750 575 1812 atteteritate
598 1749 691 1810 trium
713 1745 750 1810 S.
776 1747 875 1810 Pauli
896 1747 1119 1834 Epistularum
1127 1748 1339 1832 pastoralium.

212 1852 241 1915 A
254 1872 319 1936 quo
334 1860 477 1935 tempore
490 1849 778 1931 Schleiermaeher‚
799 1848 912 1934 (1807)
928 1850 1065 1935 primam
1083 1848 1124 1912 ad
1140 1851 1342 1914 Timotheum

212 1952 386 2036 Epistolam
399 1952 612 2036 impugnavit,
631 1951 701 2015 aliae
718 1949 789 2013 duae
802 1951 948 2036 Epistolae
965 1952 1141 2036 pastorales
1158 1952 1210 2014 vel
1226 1951 1258 2013 in
1277 1958 1341 2014 toto

212 2055 265 2118 vel
282 2056 314 2117 in
332 2065 423 2139 parte
439 2056 632 2139 impugnatae
645 2055 787 2118 luerunt.
803 2054 964 2118 Eiebborn
978 2054 1089 2139 (1812)
1108 2063 1171 2116 tres
1187 2054 1343 2138 Epistolas

212 2157 245 2220 in
256 2155 396 2220 dubium
415 2157 587 2221 revocavit
610 2156 715 2219 Secuti
732 2165 804 2219 sunt
820 2155 907 2220 Baur
923 2156 1034 2241 (1855)
1055 2156 1155 2220 etalii
1172 2178 1252 2241 quos
1270 2156 1344 2219 citat

213 2268 244 2322 et
241 2259 402 2344 sequitur
413 2260 459 2322 De
478 2259 586 2322 Wette
605 2258 665 2344 (l).
683 2260 897 2343 Epistularum
918 2268 1025 2323 autem
1047 2260 1245 2323 authentiam
1269 2280 1343 2323 cum

213 2329 377 2426 datholiois
401 2345 617 2424 defenderunt
641 2362 811 2445 Wieseler‚
837 2362 990 2444 Delitzch‚
1014 2362 1218 2446 Doumergue
1238 2371 1268 2424 et
1290 2362 1343 2425 alii

214 2462 301 2548 apud
325 2464 371 2527 De
388 2464 507 2527 Wette.

258 2567 310 2629 tr.
338 2566 398 2630 Hie
421 2588 530 2630 rursus
554 2566 661 2650 ittud,
687 2567 809 2653 quod
794 2589 866 2653 Jam
903 2588 985 2652 saepo
1008 2567 1097 2650 alibi,
1124 2566 1343 2648 observamus,

185 2738 189 2743 ,
215 2667 443 2733 Rationalistas
456 2666 498 2730 ad
514 2668 750 2754 impugnandas
766 2670 941 2753 pastorales
957 2667 1113 2754 Epistulas
1126 2668 1251 2731 nonnisi
1265 2689 1345 2731 eon-

212 2770 355 2857 jecturas
372 2770 488 2835 afferre
505 2781 535 2834 et
546 2772 620 2835 talia
638 2781 826 2857 argumenta
847 2792 918 2858 quae
936 2769 995 2835 sibi
1015 2770 1152 2835 invicem
1171 2791 1346 2855 opponun-

218 2883 281 2956 tur3
305 2873 417 2957 saepius
434 2874 531 2937 etiam
545 2873 632 2959 quod
653 2874 695 2938 ab
713 2896 779 2938 uno
800 2873 931 2937 affertur
942 2882 1168 2958 argumentum
1185 2872 1228 2935 ab
1245 2874 1346 2936 altero

218 2983 373 3060 tanquam
394 2974 571 3040 invalidum
595 2976 769 3040 destruitur
784 2985 816 3039 et
835 2975 987 3062 rejicitur.
1007 2974 1169 3061 Objiciunt
1186 2976 1294 3059 plures
1314 2974 1346 3037 in

220 3082 320 3146 tribus
334 3084 399 3147 istis
413 3085 561 3169 Epistolis
574 3083 720 3148 adhiberi
736 3106 831 3150 voees
841 3106 913 3170 quae
922 3084 1000 3147 alibi
1012 3086 1061 3147 rel
1075 3105 1139 3147 non
1153 3082 1348 3147 adhibentur

218 3185 270 3249 vel
283 3186 361 3251 alias
377 3188 522 3251 notiones
539 3189 733 3271 exprimunt,
747 3186 802 3250 sed
816 3185 893 3273 quid
908 3187 1025 3277 mirum
1038 3187 1062 3251 si
1079 3185 1261 3271 Apostolus,
1272 3187 1347 3271 quia

218 3286 259 3350 de
273 3288 334 3352 alia
353 3311 388 3351 re
407 3289 534 3374 agebat,
553 3290 633 3353 alias
653 3311 758 3372 voees,
778 3299 832 3354 aut
848 3310 964 3353 vocum
985 3288 1229 3374 significationes
1252 3286 1349 3351 adhi-

219 3389 339 3453 buerit?
351 3391 382 3453 si
396 3389 571 3476 rejicienda
584 3391 667 3456 foret
679 3393 788 3477 aliqua
801 3393 940 3477 Epistola
954 3393 1030 3477 quia
1042 3393 1074 3454 in
1087 3392 1142 3454 illa
1156 3390 1349 3455 adhibentur

219 3512 313 3556 voees
334 3492 410 3556 alibi
434 3515 498 3556 non
521 3492 684 3576 adhibite,
711 3493 893 3579 rejiciendae
918 3503 1022 3557 essent
1045 3515 1156 3557 omnes
1187 3493 1345 3578 Epistola.

219 3593 378 3679 Objicitur
394 3597 490 3659 etiam
507 3595 595 3681 quod
611 3595 761 3660 differant
773 3596 917 3661 doctrina
934 3607 1032 3681 atque
1048 3598 1209 3660 sententia
1224 3597 1349 3681 Episto-

219 3698 324 3761 larum
341 3699 549 3782 pastoralium
565 3721 584 3762 a
603 3698 748 3764 doctrina
773 3709 803 3763 et
828 3698 1010 3763 notionibus
1034 3700 1170 3762 alierum
1188 3699 1350 3783 Epistola·
1450 3752 1456 3771 χ

219 3820 303 3862 rum.
324 3798 387 3862 Sed
406 3801 480 3885 quia
499 3800 670 3885 Apostolus
688 3802 721 3865 in
739 3801 840 3865 tribus
859 3802 946 3864 hisee
969 3801 1116 3885 Epistolis
1137 3799 1177 3863 de
1199 3800 1349 3884 pastorali

220 3902 401 3965 animarum
420 3923 497 3967 cura
514 3904 590 3987 agit,
611 3904 644 3966 in
668 3905 738 3968 aliis
762 3913 868 3968 autem
893 3925 957 3967 non
980 3903 1056 3988 agit,
1082 3923 1209 3966 neeesse
1232 3902 1293 3965 fuit
1315 3912 1350 3966 ut

127 4036 131 4049 ι
221 4014 251 4069 et
271 4006 334 4069 alia
355 4015 527 4090 praecepta,
547 4007 625 4070 alias
639 4007 787 4071 veritates
802 4007 952 4091 aperiret,
968 4027 1039 4091 quae
1056 4007 1089 4069 in
1111 4006 1181 4069 aliis
1205 4005 1351 4089 Epistolis

219 4106 389 4172 scribenda
406 4119 587 4193 nonerunt,
608 4111 683 4195 quia
705 4111 829 4174 oeeasio
853 4130 918 4173 non
941 4107 1090 4173 dabatur.
1115 4108 1263 4172 Ceterum
1287 4106 1351 4172 do-

256 4346 290 4410 u>
307 4346 412 4397 manu.
427 4343 483 4396 rea.
