3168 4948
244 273 308 338 536
469 294 669 339 sarnonucrro
686 265 833 338 sraerms
854 297 884 338 nr
902 295 928 338 a.
943 274 1144 342 scansurus.

245 415 279 458 se
304 394 359 459 illa
381 417 421 459 ex
436 395 601 483 Scriptura
621 396 804 481 sumpsisse,
829 398 882 460 vel
906 396 1092 481 simpliciter
1115 394 1254 462 dicendo
1278 418 1312 462 se
1336 419 1376 462 ex

244 497 409 582 Scriptura
424 500 529 562 velex
545 498 698 583 Apostolo
711 498 767 561 illa
783 499 893 562 citare.

290 601 343 664 15.
365 601 399 664 S.
418 602 556 664 lrenaeus
569 601 670 663 multa
687 599 885 684 epristolis
897 601 1039 665 Paulinis
1054 603 1235 669 testimonia
1256 601 1379 667 verbo-

246 712 338 766 tenus
348 705 473 767 recitat.
487 704 644 788 Epistolas
657 703 802 766 nominat
813 702 900 767 unde
916 704 1015 768 verba
1031 703 1231 790 deprompsit
1246 726 1380 770 eorum-
1399 695 1402 700 ’

247 827 310 891 que
346 816 511 871 auctorem
544 807 681 870 Paulum
706 807 858 870 continuo
882 806 1043 890 affirmat3
1068 808 1133 871 imo
1158 810 1326 894 impugnat
1348 818 1381 873 et

245 909 364 973 refellit
375 909 541 974 Ebionaeos
559 907 646 994 quod
662 909 799 972 Paulum
822 929 887 972 nou
911 910 1102 994 reciperent,
1128 919 1160 974 et
1182 912 1381 975 Marcionem

246 1010 334 1096 quod
358 1033 454 1077 ausus
477 1012 574 1075 luerit
602 1009 669 1074 diri
692 1010 835 1095 Apostoli
859 1011 1016 1095 Epistulas
1039 1011 1220 1076 decurtare.
1244 1014 1381 1098 Insuper

183 1122 185 1127 '
247 1115 358 1178 asserit
371 1114 592 1199 Apostoluma
610 1134 817 1199 quocumque
834 1135 944 1178 errore
962 1124 993 1178 et
1013 1114 1183 1179 mendacio
1200 1117 1380 1180 immunem

246 1237 325 1298 esse,
338 1237 377 1281 ae
389 1217 575 1302 frequenter
586 1215 769 1300 hyperbolis
780 1217 825 1279 uti
840 1225 970 1301 propter
978 1218 1180 1282 velocitatem
1192 1239 1379 1282 sermonum

246 1340 389 1403 suorum,
411 1327 442 1383 et
462 1327 592 1404 propter
611 1319 767 1403 impeturn
783 1317 916 1402 Spiritus
939 1320 1040 1383 sancti
1053 1320 1109 1406 qui
1122 1321 1155 1383 in
1171 1341 1209 1384 eo
1222 1321 1380 1384 erathna

246 1421 414 1487 dumtaxat
428 1422 519 1487 Pauli
535 1422 676 1506 Epistola
690 1422 732 1486 ab
750 1442 788 1486 eo
802 1441 866 1485 non
880 1432 1089 1506 memoratur,
1104 1424 1160 1487 illa
1172 1425 1292 1488 scilicet
1307 1444 1380 1509 quae

247 1524 289 1589 ad
303 1525 524 1589 Philemonem
537 1524 612 1588 data
628 1525 699 1588 luit.
717 1524 797 1588 llam
810 1533 918 1588 tamen
930 1524 963 1590 S.
979 1527 1097 1590 Ductor
1110 1548 1174 1592 non
1187 1525 1307 1613 abjicit,
1322 1524 1380 1590 sed

248 1629 324 1713 quia
337 1629 394 1691 ista
407 1629 547 1712 Epistola
560 1627 690 1691 brevior
706 1636 796 1690 estet
814 1625 855 1691 de
871 1626 1022 1712 dogmate
1038 1649 1102 1692 non
1120 1629 1195 1713 agit,
1210 1628 1243 1693 S.
1261 1630 1382 1693 Doctor

248 1740 360 1794 nactus
377 1752 442 1794 non
462 1739 510 1794 est
524 1730 724 1794 occasionem
741 1728 864 1814 aliquid
881 1751 919 1793 ex
933 1751 970 1794 ea
989 1729 1144 1795 recitandi
1158 1731 1217 1817 (1).
1233 1729 1282 1795 Ad
1299 1732 1381 1815 Epi·

248 1834 363 1896 stolam
379 1833 420 1895 ad
441 1833 584 1896 Hebraea
606 1830 768 1895 interdum
784 1830 910 1913 alludit,
933 1854 993 1897 nec
1013 1833 1081 1917 ipsa
1100 1844 1221 1915 tamen,
1240 1855 1299 1899 nec
1316 1855 1381 1897 au-

237 1922 337 1999 ctore
350 1933 420 2020 ejus
431 1935 620 1999 nominatim
635 1935 747 1999 citatis.
762 1933 836 2000 Vid.
849 1934 906 1998 lib.
922 1936 964 2016 ll,
977 1935 1080 2020 XXX,
1095 1937 1127 2019 93
1139 1935 1197 1999 lib.
1211 1936 1267 2018 ΙΙΙ,
1277 1937 1334 2017 Xl,
1345 1936 1378 1999 d.
1440 2016 1447 2021 .

295 2038 349 2101 14.
368 2038 581 2101 Tertullianus
595 2058 660 2102 non
678 2038 782 2101 solum
801 2039 988 2123 frequenter
1011 2039 1043 2101 in
1066 2039 1130 2101 suis
1150 2040 1286 2123 scriptis,
1306 2038 1382 2102 data

252 2141 431 2220 occasione,
447 2140 565 2224 allegat
579 2139 670 2202 Pauli
684 2140 850 2224 Epistolas,
864 2137 921 2202 sed
935 2130 1047 2203 eornm
1064 2141 1284 2204 auctoritatem
1301 2150 1382 2204 stre-

254 2265 317 2307 nue
333 2243 485 2307 vindieat.
506 2266 521 2302 a
542 2243 578 2306 ln
595 2263 732 2324 summa,
754 2242 858 2327 inquit
882 2241 1035 2307 adversus
1060 2244 1255 2308 Marcionem
1278 2245 1338 2330 (2),
1357 2246 1382 2308 si

254 2356 377 2411 constat
388 2345 422 2409 id
437 2345 542 2410 verius
555 2340 641 2430 q'uod
656 2345 756 2429 priua,
771 2343 804 2408 id
819 2346 905 2430 prius
918 2344 1006 2430 quod
1019 2345 1062 2408 ab
1077 2345 1178 2429 initio,
1193 2345 1226 2410 id
1240 2347 1382 2411 abinitio

254 2447 342 2534 quod
354 2447 397 2512 ab
409 2446 569 2532 Apostolis
584 2469 593 2510 ε
611 2446 730 2531 pariter
744 2446 856 2531 utique
873 2446 1041 2528 constabit,
1056 2445 1089 2510 id
1101 2468 1170 2511 esse
1187 2446 1229 2511 ab
1242 2447 1383 2533 Aposto-

255 2552 293 2614 lis
311 2548 476 2631 traditum,
493 2547 579 2635 quod
597 2546 684 2633 apud
697 2549 847 2613 ecclesias
862 2548 1089 2634 Apostolorum
1105 2550 1201 2614 luerit
1212 2571 1384 2613 saerosan-

145 2642 148 2649 ’
254 2662 353 2716 ctum.
369 2650 543 2717 Videamus
557 2648 646 2735 quod
658 2652 709 2714 lac
721 2673 740 2714 a
754 2651 855 2715 Paulo
868 2650 1021 2715 Corinthii
1037 2652 1212 2736 hauserint3
1228 2651 1382 2738 adquam

253 2758 399 2841 regulam
414 2754 534 2819 Galate
550 2754 612 2817 sint
627 2755 783 2836 correcti3
802 2754 880 2840 quid
902 2755 1010 2839 legant
1032 2755 1264 2840 Philippenses,
1281 2756 1384 2819 Thes-

254 2858 478 2940 salonicenses,
496 2856 635 2941 Ephesii3
655 2853 731 2941 quid
747 2856 843 2918 etiam
856 2857 995 2920 Romani
1011 2855 1052 2920 de
1065 2858 1211 2942 proximo
1223 2867 1347 2922 sonent.
1366 2884 1381 2919 s

254 2963 350 3026 Totus
367 2969 474 3023 autem
490 2967 536 3023 est
551 2960 584 3021 in
601 2958 683 3021 libro
708 2959 819 3043 quinto
836 2959 978 3022 adrersus
1000 2962 1192 3033 Marcionem,
1216 2969 1251 3027 ut
1269 2959 1385 3044 probet

254 3065 341 3128 hune
357 3063 543 3126 haereticum
558 3061 714 3144 Epistulas
730 3060 820 3122 Pauli
843 3058 885 3123 ad
909 3062 1084 3145 Romanos,
1106 3061 1296 3144 Corinthios,
1316 3061 1385 3126 Ga·

255 3170 347 3251 latas,
373 3167 538 3251 Ephesios,
563 3165 794 3249 Philippenses,
814 3155 1014 3229 Colossenses
1037 3174 1068 3228 et
1090 3165 1385 3229 Thessalonicenses

255 3269 481 3351 decurtavisse,
505 3288 681 3351 earumque
697 3265 842 3331 ordinem
861 3266 1049 3331 turbavisse.
1070 3270 1115 3331 Ex
1132 3290 1197 3354 quo
1215 3277 1302 3352 patet
1312 3266 1384 3353 jam

255 3384 331 3438 tunc
359 3372 572 3456 Epistolarum
595 3370 687 3433 Pauli
715 3370 811 3433 fuisse
836 3371 977 3454 aliquem
1002 3370 1148 3434 ordinem
1173 3371 1386 3434 communiter

256 3485 432 3559 receptum.
453 3473 560 3554 Quum
580 3481 687 3536 autem
716 3471 757 3535 ad
776 3471 872 3535 finem
898 3472 970 3535 libri
995 3473 1141 3557 pervenit
1159 3473 1383 3554 TertullianuS,

257 3580 302 3642 sic
320 3577 462 3661 loquitur
480 3573 520 3638 de
536 3574 675 3658 Epistola
697 3573 737 3636 ad
756 3573 1003 3636 Philemonem:
1026 3598 1040 3632 ι(
1062 3573 1127 3637 Soli
1147 3574 1223 3661 huic
1237 3575 1386 3658 Epistolae

257 3682 396 3747 brevitas
425 3699 480 3742 sua
506 3678 636 3762 profuit,
662 3686 697 3739 ut
721 3675 866 3739 falsarias
890 3697 1004 3740 manus
1029 3676 1197 3741 Marcionis
1221 3675 1383 3739 evaderet.

259 3789 357 3853 Miror
373 3794 493 3865 tamen,
512 3801 585 3844 cum
601 3777 644 3843 ad
659 3799 760 3842 unum
776 3778 940 3842 hominem
963 3781 1082 3843 litteras
1098 3780 1198 3843 lactas
1215 3778 1384 3863 receperit,

291 4088 327 4149 (l)
342 4083 420 4134 Multa
429 4096 461 4132 ex
473 4079 593 4143 Epistolis
606 4079 677 4130 Pauli
694 4078 789 4142 profert
800 4078 909 4129 lrenaeu's
924 4078 1127 4143 insequentibus
1139 4080 1199 4131 loeis
1212 4093 1218 4130 :
1229 4080 1273 4131 lib.
1287 4079 1328 4142 Ill,
1344 4080 1386 4153 Vl,

257 4163 564 4233 5;vll,t-a;X1t‚r-tl;
580 4161 643 4224 ΧΙΙΙ,
657 4163 709 4224 t-5;
722 4161 773 4223 XV,
792 4158 877 4223 ΙΙΙΙΙΙΙ,
893 4161 945 4222 Ι-Ι,
963 4166 990 4211 et
1008 4162 1099 4225 saepius
1117 4161 1142 4211 in
1159 4162 1204 4213 lib.
1223 4161 1254 4212 tv
1269 4162 1326 4212 etv
1342 4162 1386 4212 ubi

244 4252 353 4306 'refellit
363 4247 531 4299 Marcionitas.
875 4232 877 4241 ‘

205 4331 208 4336 ’
290 4335 324 4396 (⁹2)
336 4333 445 4384 Ado-rra.
461 4327 590 4379 Marcion.
606 4325 647 4387 ΙΙΙ,
662 4326 687 4386 5,
701 4324 753 4375 Clr.
766 4323 803 4376 le
812 4325 962 4391 prescript.
982 4324 1023 4375 56.
