3134 4934
259 280 326 344 556
488 298 690 340 neruosusne
706 299 857 340 munus
871 298 906 338 rs
922 299 950 341 s.
967 299 1173 342 ειιιιιιιιιι.

260 405 378 460 statum
394 397 538 460 eeclesiae
551 396 757 460 Colossensis.
775 396 879 460 Porro
894 397 1111 471 Colossenses,
1137 397 1204 463 lide
1226 406 1261 461 et
1279 398 1415 463 ratione

259 499 389 564 vivendi
405 500 489 564 bene
505 500 678 564 christiana
693 500 871 584 plurimum
886 522 921 564 se
938 500 1228 566 commendabant.
1245 503 1413 588 Aliquam
1539 512 1540 521 ’

260 615 370 669 tamen
383 604 661 690 perturbationem
673 605 719 666 eis
729 588 902 666 attulerunt
916 603 1052 689 qunhm
1063 603 1215 668 duetores
1227 626 1270 668 ex
1282 604 1412 669 Judaeis

260 709 317 793 qui
327 705 510 771 doctrinam
522 707 745 790 evangelicam
760 706 965 790 philosophia
981 696 1126 791 quadam
1138 706 1412 798 ἔρρει-ἱρω-

261 807 409 873 terebant
422 818 455 872 et
466 829 543 871 enm
556 806 621 871 fide
636 807 751 870 Christi
767 816 799 869 et
814 808 878 870 sita
895 808 1082 891 evangeliea
1097 830 1230 873 serrare
1247 808 1411 873 volebant

279 911 536 975 reumeisionem
550 910 821 1001 alianaegrs
811 910 1031 973 earenmnias.
1037 911 1157 975 Contra
1172 911 1234 974 hos
1250 909 1410 976 doctores

258 933 380 1078 gaulus
397 1014 598 1078 Colossenses
614 1034 814 1096 praemonere
830 1013 932 1076 roluit
947 1034 1068 1098 eosque
1082 1014 1180 1077 simul
1200 1011 1243 1077 ed
1265 1016 1408 1078 virtutes

258 1119 393 1201 hortari,
410 1118 540 1181 mittens
560 1117 748 1201 Epistulam
764 1116 887 1233 Scripta
913 1125 960 1177 ost
981 1116 1079 1199 igitur
1099 1116 1295 1200 Epistulam
1318 1117 1405 1181 urbe

261 1224 378 1304 Roma,
395 1243 434 1285 eo
449 1231 607 1319 tempore,
625 1241 690 1329 quo
706 1220 812 1304 prima
826 1219 898 1282 vioe
919 1220 1065 1303 captivus
1083 1219 1130 1282 ibi
1149 1241 1209 1304 per
1228 1220 1401 1284 biennium

259 1325 432 1409 Apostolus
453 1313 655 1409 permansit
645 1294 772 1388 Roma
794 1323 948 1407 scriptam
971 1323 1069 1385 otiam
1096 1331 1254 1386 testantur
1271 1322 1403 1389 codices

256 1428 347 1490 AB*
363 1428 432 1510 Kb,
449 1426 595 1495 nonnulli
628 1426 811 1507 minusculi,
831 1434 862 1488 et
885 1424 1048 1488 versiones
1062 1425 1194 1509 syriaeae
1207 1427 1241 1489 in
1254 1425 1403 1491 subseri-

260 1529 434 1613 ptionibus,
452 1551 492 1592 ex
507 1529 626 1615 quibus
641 1529 738 1591 etiam
762 1475 923 1612 colligitur
944 1529 1075 1590 missam
1099 1527 1198 1591 luisse
1220 1529 1399 1613 Epistulam

43 1668 50 1679 ·
144 1671 186 1737 Γ
259 1632 505 1718 per'l'yehieum
521 1640 553 1694 et
566 1630 767 1694 Onesimum

81 1750 167 1831 5155
169 1708 220 1810 5
303 1734 336 1798 5.
352 1738 588 1820 Argumentum.
594 1706 786 1837 [Conmnit'
777 1756 810 1796 ιιι
826 1735 974 1818 plurimis
989 1734 1059 1797 baee
1074 1734 1217 1818 Epistola
1240 1757 1316 1798 eum
1340 1737 1397 1799 illa

259 1836 303 1902 ad
326 1838 491 1924 Ephesios.
513 1838 589 1901 Post
609 1826 698 1901 aetas
720 1839 788 1922 Ileo
815 1839 933 1921 gratias
970 1835 1013 1900 de
1035 1837 1272 1902 colossensium
1306 1839 1397 1921 lide,

259 1942 432 2025 Apostolus
447 1939 543 2005 doeet
556 1940 742 2005 hominibus
752 1889 1397 2059 upummedjahQistmn

130 2044 142 2127 '¹
165 2046 175 2110 l
193 2080 201 2110 ι
259 2044 317 2107 Dei
333 2042 436 2106 lilium
449 2056 547 2129 atque
562 2044 707 2107 omnium
720 2044 817 2106 etiam
829 2043 1236 2138 afflfllmffilfflhlfflffl
1261 2045 1320 2130 qui
1339 2067 1398 2109 nos

260 2168 335 2212 cum
350 2147 418 2210 Deo
434 2147 652 2211 reconciliavit
667 2148 701 2210 in
718 2148 874 2231 sanguine
889 2168 960 2228 suo,
983 2145 1088 2209 faetus
1110 2147 1261 2211 Ecclesiae
1284 2159 1394 2233 caput.

260 2251 369 2314 Monet
390 2246 508 2313 deinde
530 2248 732 2313 Colossenses
754 2258 790 2311 ut
823 2248 884 2312 sibi
908 2258 1044 2311 caveant
1064 2270 1085 2311 a
1109 2248 1192 2312 falsa
1214 2250 1372 2334 sapientia
1384 2300 1394 2332 ,

260 2355 374 2417 monet
386 2349 538 2438 judaicas
559 2362 592 2415 et
611 2352 849 2438 philosophicas
872 2351 1113 2415 observationes
1127 2373 1203 2415 cum
1219 2353 1396 2438 Evangelio

259 2454 393 2518 minime
415 2453 596 2518 miscendas
618 2475 699 2538 esse,
721 2476 776 2518 eas
789 2453 832 2518 ad
851 2453 1136 2518 sanctificationem
1156 2464 1301 2518 nostram
1314 2457 1394 2519 nihil

259 2558 368 2621 valere
385 2558 489 2642 (l-ll).
513 2558 652 2643 Reliqua
676 2559 824 2642 Epistolae
846 2580 922 2644 pars
943 2559 1135 2643 paraenetiea
1154 2544 1233 2645 est]
1244 2558 1395 2622 hortatur

260 2659 432 2746 Apostolus
454 2660 656 2725 Colossenses
678 2660 722 2725 ad
744 2659 899 2746 fugienda
923 2662 1011 2742 vitia,
1042 2658 1240 2724 exercendas
1264 2660 1392 2743 vitutes,

259 2771 369 2826 monet
390 2763 542 2827 mulieres
563 2772 599 2826 ut
612 2762 755 2827 subdite
777 2764 841 2827 sint
863 2763 938 2827 viris
960 2762 1048 2845 suis,
1072 2762 1161 2827 viros
1198 2772 1235 2825 ut
1256 2760 1395 2846 diligant

134 2905 139 2909 -
258 2886 375 2929 uxores
397 2887 482 2947 suas,
497 2864 579 2930 filios
602 2875 637 2930 ut
659 2864 813 2930 obediant
835 2866 1033 2952 parentibus,
1059 2875 1167 2950 patres
1188 2875 1225 2928 ut
1246 2864 1333 2928 bene
1358 2887 1393 2928 se

258 2976 372 3053 gerant
395 2989 472 3053 erga
494 2967 600 3049 lilios,
625 2991 734 3034 servos
761 2979 797 3031 ut
819 2970 959 3032 serviant
981 2967 1119 3031 fideliter
1141 2967 1281 3030 dominis
1301 2967 1391 3048 suis,

257 3071 406 3136 dominos
421 3081 458 3135 ut
472 3074 572 3136 servis
580 3072 893 3157 justam'rotribuant
908 3069 1107 3152 mercedem,
1131 3091 1245 3134 omnes
1261 3077 1298 3132 ut
1314 3090 1391 3132 ora-

257 3175 335 3255 tioni
358 3173 485 3238 assidue
513 3184 640 3239 vacent.
678 3173 843 3240 Clauditur
881 3174 1023 3260 Epistola
1056 3174 1152 3238 variis
1186 3171 1392 3235 salutationi-

257 3275 481 3361 bus(lll-IV).

146 3542 182 3567 Γ,
419 3479 462 3544 X.
488 3482 536 3544 De
557 3479 673 3544 driobus
696 3481 737 3543 od
763 3478 1037 3545 Thessalonicenses
1058 3476 1220 3607 Epistolis.

96 3610 118 3653 2‘
151 3756 162 3779 x
195 3594 222 3650 1,
238 3712 266 3785 g
301 3692 332 3756 l.
352 3692 400 3754 Dr
413 3688 541 3753 ecclesroe
556 3689 829 3754 Thessalonicensis
837 3687 1028 3772 primordiis.
1029 3599 1280 3785 lTbessaloniba,
1301 3708 1434 3761 nune

257 3791 426 3867 delusisti,
443 3812 509 3855 una
525 3801 594 3855 erat
611 3812 650 3855 ox
673 3789 842 3876 praeeipuis
865 3786 1060 3852 Macedonis
1081 3785 1230 3869 urbibus,
1255 3772 1419 3871 quando*
1433 3774 1466 3869 ll

255 3898 375 3961 Paulus
388 3919 406 3960 e
418 3896 573 3981 Philippis
585 3894 706 3981 ejectus
720 3895 753 3958 in
770 3914 842 3956 eam
856 3890 986 3956 advenit
1000 3889 1211 3974 Evangelium
1228 3886 1430 3972 predica-

119 3979 125 3989 ’
254 4009 356 4064 turus.
374 3998 545 4065 Constabat
560 4020 658 4083 porro
675 4019 712 4060 ea
729 3995 819 4078 urbs,
833 3995 1011 4073 maximam
1010 3989 1408 4083 Reflfflffl-sslhfl&

256 4103 374 4207 qmbns
394 4102 532 4171 imitati
555 4109 659 4186 erant,
684 4100 766 4164 sieut
788 4100 822 4162 in
837 4099 908 4163 aliis
923 4096 1052 4162 Graeeiae
1067 4095 1214 4178 urbibus,
1239 4094 1387 4159 nonnulli
1534 4084 1538 4091 ’

466 4224 504 4267 us
519 4224 579 4288 pro
594 4223 684 4266 more
701 4223 758 4266 suo
774 4198 815 4263 ad
831 4198 960 4264 Judaeos
974 4199 1080 4283 primo
1094 4198 1256 4282 ingressus
1271 4206 1331 4276 est,
1354 4204 1389 4259 et
1539 4290 1540 4293 Ἴ

478 4305 555 4370 inno
572 4305 705 4370 sabbata
722 4303 946 4389 exscriptoris
961 4300 1212 4365 demonstrare
1203 4301 1280 4387 ipsis
1296 4308 1389 4365 sats·
1491 4364 1495 4369 Δ
1539 4296 1540 4327 ³
