3168 4948
324 347 399 389 PARS
414 345 449 386 11.
471 342 564 384 CAPUT
577 342 624 383 111.
640 340 678 381 DE
691 340 813 382 onlolnu
829 341 1238 392 Erauoronrr.1v.nvantto.
1286 318 1349 395 275

218 448 276 533 qui
304 467 342 509 ea
368 441 564 528 supposititia
587 461 653 503 csse
678 438 896 521 contendunt,
921 462 1014 506 suum
1048 456 1203 510 assertum
1229 446 1348 513 dehent

220 550 372 636 probare.
391 546 542 630 Alioquin
558 552 668 608 contra
684 552 813 607 coastat
830 545 961 628 vulgare
976 548 1102 613 axioma
1124 572 1131 613 ε
1149 549 1236 636 quod
1253 555 1349 636 gratis

221 653 383 730 asseritur,
402 649 499 734 gratis
517 655 661 731 negatur.
682 646 781 709 Porro
801 646 967 732 hucusque
983 650 1108 714 nullum
1127 656 1349 738 suppositionis

220 754 375 818 indicium
398 750 513 814 afferre
533 757 705 834 potuerunt
725 747 911 832 adversarii,
936 752 1060 815 nullum
1082 754 1201 838 locum,
1223 758 1348 821 nullum

221 867 397 938 auctorem,
416 863 541 938 tempus
562 852 687 916 nullum
708 853 896 937 nullumque
913 875 975 938 quo
997 857 1080 921 lacta
1104 858 1198 923 luerit
1215 860 1348 925 modum

221 957 364 1023 indicare
383 964 567 1041 potuerunt.
1069 1033 1073 1039 ᾗ

266 1062 318 1125 56.
337 1063 375 1124 Et
391 1061 495 1144 primo
519 1056 650 1143 quidem
673 1060 779 1122 nullus
803 1060 1025 1144 suppositionis
1046 1071 1157 1126 auctor
1177 1065 1349 1148 excogitari

115 1188 120 1193 ·
220 1172 335 1250 potest.
357 1162 481 1226 Etenim
498 1182 592 1225 nemo
608 1160 735 1247 judaeus
758 1162 810 1227 vel
835 1162 979 1226 ethnicus
1002 1165 1138 1227 voluerit
1161 1186 1197 1228 ca
1222 1186 1291 1251 quae
1316 1168 1348 1229 in

221 1267 400 1351 Evangeliis
423 1266 606 1329 referuntur
629 1263 822 1349 describere,
849 1286 924 1329 nam
942 1267 1008 1350 ipse
1032 1289 1065 1330 se
1089 1289 1145 1332 suo
1166 1267 1273 1352 gladio
1288 1269 1347 1355 ju·

221 1369 369 1452 gulasset.
396 1365 459 1432 Sed
483 1388 542 1431 nec
567 1368 733 1446 haereticus
755 1368 928 1451 Evangelia
952 1368 1147 1452 supposititia
1176 1369 1347 1434 obtrudere

221 1471 371 1556 potuerit,
396 1470 624 1539 reclamassent
648 1470 733 1533 enim
758 1470 929 1552 catholici,
958 1471 1184 1536 reclamassent
1208 1482 1348 1557 pastores

221 1593 353 1658 gregem
370 1593 388 1635 a
403 1571 567 1635 venenatis
587 1572 695 1636 herbis
715 1570 825 1636 sedulo
851 1582 1006 1636 arcentes
1025 1572 1185 1637 Fraudem
1205 1574 1350 1639 meditati

222 1685 296 1740 sunt
321 1674 553 1757 Valentiniani,
577 1677 711 1739 ueritatis
733 1674 933 1759 Euespelr'um
956 1676 1174 1761 proferentes,
1199 1677 1348 1742 fraudem

221 1777 393 1842 meditatus
410 1787 456 1841 est
473 1778 614 1841 Marcion
635 1797 699 1840 non
716 1777 885 1862 Evangelia
905 1775 1054 1862 lingendo
1074 1777 1130 1843 sed
1152 1778 1345 1861 resecand03

220 1878 382 1944 sedimus
399 1879 524 1944 detecta
547 1881 653 1944 statim
677 1901 715 1942 ac
740 1889 814 1943 nata
837 1880 1010 1964 praevalere
1034 1903 1098 1945 non
1120 1883 1231 1965 potuit.
1255 1884 1348 1946 llen-

221 1982 350 2047 dacium
374 1981 585 2046 nudavernnt‘
604 1980 743 2045 Irenaeus
772 2003 810 2045 ac
833 1981 1066 2065 Tertullianus,
1097 1985 1152 2069 qui
1167 1968 1168 1971 Ἴ
1182 1985 1348 2069 antiquam

221 2088 368 2151 Ecclesia
395 2087 626 2171 possessionem
655 2083 843 2167 defendens,
866 2085 910 2148 sic
937 2085 1101 2175 haereticos
1123 2085 1346 2172 objurgabat:

224 2214 239 2249 a
263 2191 325 2272 Qui
342 2191 414 2253 estis
430 2189 511 2253 vos?
531 2187 667 2270 Quando
686 2198 715 2253 ct
733 2186 819 2251 unde
834 2187 984 2250 venistis?
999 2187 1083 2278 Quid
1100 2189 1132 2252 in
1151 2210 1224 2252 meo
1242 2191 1345 2275 agitis,

221 2313 286 2355 non
309 2289 394 2354 mei?
417 2290 487 2371 Quo
512 2289 663 2374 denique,
689 2290 842 2369 Marcion,
859 2288 932 2374 jure
957 2289 1077 2374 sylvam
1101 2311 1207 2354 meam
1232 2291 1349 2355 cadis?

220 2394 292 2474 Qua
309 2394 447 2473 licentia,
463 2392 642 2474 Valentius,
658 2391 761 2456 fontes
772 2412 861 2455 meos
874 2391 1081 2456 transvertis?
1093 2392 1164 2473 Qua
1177 2401 1342 2478 potestate,

221 2496 383 2581 Appelles,
404 2496 518 2559 limites
539 2516 627 2558 meos
650 2493 855 2558 commoves?
875 2493 959 2575 Quid
976 2495 1028 2558 bic
1046 2496 1141 2558 ceteri
1165 2495 1208 2560 ad
1227 2498 1346 2560 volun-

221 2608 320 2663 tatem
342 2608 480 2662 vestram
504 2598 665 2665 seminatis
689 2607 720 2662 et
740 2596 892 2682 pascitis?
909 2598 979 2661 Mea
1000 2599 1153 2688 possessio
1178 2610 1241 2685 est,
1268 2602 1345 2664 olim

221 2698 384 2785 posside03
407 2699 511 2763 habeo
535 2700 672 2783 origines
692 2698 812 2783 firmas,
839 2699 880 2763 ab
904 2698 978 2784 ipsis
1002 2702 1183 2765 auctoribus
1207 2724 1346 2788 quorum

221 2805 283 2868 luit
295 2825 356 2867 res.
365 2805 431 2888 Ego
445 2823 516 2866 sum
528 2803 628 2867 hares
641 2801 878 2887 Apostolorum.
892 2802 979 2867 Sicut
991 2802 1143 2868 caverunt
1159 2814 1346 2870 testamento
1454 2858 1457 2865 .

222 2925 292 2988 suo,
308 2905 388 2969 sicut
399 2902 474 2967 fidei
489 2904 726 2986 commiserunt,
742 2904 822 2968 sicut
834 2901 1075 2988 adjuraverunt,
1091 2906 1134 2968 ita
1151 2915 1242 2970 tenco
1256 2908 1315 2991 (l).
1329 2934 1343 2968 »

221 3005 329 3071 Verba
353 3005 537 3070 Tertulliani
561 3015 631 3090 post
652 3004 811 3070 sexdecim
829 3005 955 3088 secula,
975 3003 1117 3070 firmiora
1136 3006 1243 3071 adbuc
1264 3018 1346 3072 stant

222 3103 334 3172 contra
352 3109 588 3173 Rationalistas.
1326 3194 1328 3199 y

268 3210 320 3275 57.
343 3209 405 3274 Sed
434 3232 538 3297 neque
572 3210 745 3282 catholicus
776 3211 948 3297 Evangelia
967 3211 1086 3296 fingere
1112 3213 1223 3298 potuit.
1251 3213 1344 3299 llam,

166 3298 169 3302 “
221 3320 436 3398 preterquam
465 3311 551 3398 quod
581 3313 805 3377 reclamassent
827 3312 989 3397 infideles,
1009 3312 1109 3399 judaei
1132 3315 1323 3411 etlhaeretiei
1335 3365 1344 3399 ,

223 3435 288 3478 non
307 3416 481 3499 potuissent
498 3437 608 3480 omnes
623 3416 763 3480 ecclesia
784 3417 817 3480 in
832 3438 931 3481 unam
954 3419 1141 3482 sententiam
1161 3421 1343 3503 convenire,

186 3541 189 3555 .
223 3527 260 3581 ut
275 3517 433 3602 Apostolis
451 3517 626 3583 tribuerent
642 3518 729 3605 quod
746 3519 787 3583 ab
802 3520 877 3603 ipsis
894 3521 1074 3606 proiectum
1092 3543 1157 3585 non
1178 3543 1244 3586 esse
1263 3524 1347 3588 scic-

158 3639 176 3656 *
223 3620 313 3684 bant.
330 3622 429 3685 Porro
449 3623 573 3685 nullum
593 3624 758 3707 vestigium
775 3625 845 3689 talis
863 3623 984 3687 fraudis
1003 3633 1149 3708 exparte
1169 3626 1347 3693 catholico-

222 3744 297 3787 rum
312 3725 404 3788 ullibi
417 3726 580 3789 inventum
597 3736 653 3790 est.

216 3851 218 3854 ⁴
270 3828 322 3892 58.
343 3830 472 3892 Nullum
494 3839 645 3915 praeterea
662 3840 787 3916 tempus
807 3831 959 3915 assignari
980 3839 1081 3914 potest
1100 3831 1346 3914 Evangeliorum

225 3932 444 4016 suppositioni.
460 3933 584 4011 Etenim
599 3932 669 3996 talis
684 3933 855 4018 suppositio
871 3932 939 3995 fieri
956 3953 1020 3994 non
1041 3932 1153 4014 potuit,
1170 3932 1348 3995 viventibus

224 4032 333 4097 adbuc
347 4029 517 4119 Apostolis.
538 4033 669 4099 Admitti
688 4036 806 4121 quippe
824 4035 935 4120 nequit
948 4033 1116 4118 Apostolos
1132 4054 1254 4098 summa
1272 4056 1348 4099 eura

225 4136 366 4199 ecclesiis
383 4136 582 4221 invigilantes
598 4137 695 4200 talem
714 4136 961 4223 suppositionem
982 4134 1174 4218 ignoravisse
1195 4144 1250 4199 aut
1265 4137 1349 4201 tole-

261 4372 297 4437 (l)
306 4372 342 4424 De
355 4374 504 4439 praeeertpt.
517 4374 558 4425 57.
