3132 4964
478 299 553 343 anas
568 300 590 343 1.
607 298 701 343 oarur
712 300 755 341 rx.
775 299 814 340 na
825 300 914 342 erano
929 300 1053 344 nsrnan.
1285 281 1327 346 99

194 408 351 467 testantes
375 399 572 484 antiquiores
594 420 632 462 ao
655 399 847 463 recentiores
869 420 950 484 pone
975 421 1085 464 omnes
1108 399 1326 467 additamenta

197 503 351 590 rejiciunt
363 512 517 588 tauquam
531 499 666 567 conficta
679 499 721 564 ad
736 510 960 565 ornamentum
973 501 1057 566 libri.
1073 503 1155 567 Huic
1167 506 1328 568 sententie

198 605 406 670 adheserunt
425 604 521 671 etiam
546 604 691 668 nonnulli
713 603 960 687 Catholioorum,
985 615 1020 668 ut
1042 606 1145 670 Sixtus
1168 606 1326 690 Senensis,

198 711 310 795 Dupin
327 719 359 772 et
372 708 457 775 Jahn
472 707 533 794 (l).
553 699 616 771 Sed
634 728 705 772 eam
723 729 852 793 prorsus
870 708 1055 793 reprobavit
1072 710 1242 774 concilium
1258 711 1329 774 Tri-

199 813 370 881 dentinum
383 812 479 897 (Sera.
494 809 551 895 IV)
563 809 758 875 declarando
775 810 893 875 librum
906 811 1045 877 Estheris
1058 832 1125 876 esse
1137 812 1328 876 canonicum

198 926 234 980 ct
255 913 427 983 addendo:
447 938 462 974 a
484 913 516 977 Si
536 915 607 999 quis
626 912 724 978 libros
741 913 825 998 ipsos
842 916 983 998 integros
1003 935 1076 978 cum
1098 914 1245 979 omnibus
1263 916 1328 978 suis

197 1019 357 1104 partibus,
382 1027 476 1102 prout
496 1017 529 1080 in
554 1017 694 1081 Ecclesia
715 1016 871 1081 catholica
895 1016 958 1101 legi
982 1026 1214 1083 consueverunt
1241 1026 1273 1081 et
1295 1019 1329 1081 in

198 1124 301 1191 veteri
313 1121 452 1206 Vulgata
469 1120 566 1184 latina
585 1117 722 1185 editione
738 1119 910 1202 habentur,
930 1141 988 1205 pro
1006 1122 1102 1185 saeris
1121 1129 1152 1184 et
1167 1121 1329 1189 canonicis

199 1247 268 1289 non
290 1223 501 1306 susceperit...
518 1223 689 1293 anathema,
709 1221 760 1284 sit.
777 1222 928 1285 »Etenim
948 1220 1167 1287 additamenta
1181 1221 1235 1285 illa
1258 1243 1329 1306 par·

197 1339 267 1393 tem
283 1327 451 1393 efformare
466 1323 611 1409 Vulgata
627 1325 732 1388 latine
749 1345 846 1389 nemo
860 1344 977 1409 negare
993 1333 1108 1409 potest.

246 1430 299 1492 to.
322 1428 430 1491 Sancti
446 1428 556 1490 Patres
568 1425 686 1490 librum
703 1425 842 1491 Estheris
855 1434 1009 1511 tanquam
1022 1426 1211 1491 canonicum
1227 1444 1329 1489 vene-

196 1531 262 1595 rati
282 1537 365 1612 sunt3
395 1527 482 1612 atqui
506 1528 598 1591 illum
622 1536 830 1612 susceperunt
846 1536 941 1612 prout
956 1527 989 1590 in
1007 1528 1148 1593 Ecclesia
1168 1549 1270 1613 greca
1291 1549 1330 1593 ao

197 1633 301 1699 latina
316 1630 492 1715 legebatur,
507 1629 627 1694 scilieet
643 1650 716 1693 eum
733 1629 796 1692 suis
812 1626 1048 1713 additamentis,
1063 1639 1094 1693 et
1114 1631 1192 1697 nihil
1205 1628 1329 1694 disere-

197 1743 318 1803 verunt
342 1735 423 1800 inter
446 1730 664 1805 additamenta
687 1741 718 1796 et
744 1733 884 1816 reliquas
906 1732 980 1795 libri
1005 1742 1122 1817 partes,
1148 1730 1204 1797 sed
1227 1742 1330 1799 totum

198 1837 382 1922 probarunt
403 1836 553 1901 volumen
577 1833 739 1921 quomodo
765 1835 797 1898 in
815 1834 963 1898 omuibus
986 1835 1125 1900 ecclesiis
1149 1834 1327 1920 legebatur,

199 1949 306 2005 totum
329 1959 404 2023 ergo
428 1936 606 2022 probarunt
630 1938 725 2023 quale
743 1938 848 2022 ipsum
873 1959 959 2001 nunc
974 1937 1142 2001 habemus.
1168 1939 1238 2002 Imo
1256 1937 1330 2022 plu-

196 2064 253 2106 res
281 2043 390 2106 Patres
413 2039 529 2104 diserte
550 2041 731 2125 fragmenta
755 2038 1043 2105 deuteroeauoniea
1063 2040 1253 2123 allegarunt.
1278 2038 1330 2102 Sic

196 2146 233 2209 S.
253 2145 398 2209 Clemens
412 2145 578 2209 Romanus
595 2142 643 2227 (⁹2)
659 2139 830 2226 allegando
846 2142 1010 2205 historiam
1026 2140 1165 2205 Estheris
1183 2161 1329 2227 expresse

196 2249 340 2334 respexit
351 2246 392 2311 ad
405 2245 473 2332 ejus
489 2247 666 2310 orationem
679 2265 750 2331 quar
766 2244 905 2308 refertur
924 2245 956 2307 in
977 2242 1212 2311 additamentis.
1234 2243 1329 2325 Quod

198 2352 321 2436 pariter
335 2350 409 2414 feeit
423 2349 568 2413 Clemens
581 2345 817 2412 Alexandrinus
830 2346 890 2432 (5).
903 2345 979 2432 Ejus
992 2345 1166 2432 discipulus
1178 2347 1331 2432 Origenes

196 2458 234 2519 in
267 2452 402 2536 Epistola
426 2453 466 2514 od
487 2452 690 2536 Africanum,
721 2458 891 2535 postquam
916 2451 1018 2513 fassus
1043 2460 1089 2514 est
1112 2449 1329 2515 additamenta

199 2556 342 2620 Estheris
377 2564 454 2618 tunc
486 2554 639 2638 temporis
667 2551 806 2616 defuisse
830 2552 863 2614 in
887 2550 1123 2636 exemplaribus
1146 2552 1330 2635 hebraicis,

198 2667 386 2745 propugnat
410 2679 447 2721 ea
470 2656 513 2720 ab
529 2655 669 2720 eeclesiis
688 2654 802 2719 Christi
826 2675 890 2718 non
906 2655 1008 2738 magis
1027 2674 1094 2717 esse
1118 2653 1328 2739 projicienda,

201 2750 305 2848 quam
327 2761 492 2824 historiam
515 2759 666 2822 Susannae
687 2779 757 2843 quar
775 2758 870 2821 etiam
895 2756 982 2820 deest
1007 2757 1038 2820 in
1060 2765 1147 2821 textu
1164 2756 1328 2822 hebraico.

200 2863 306 2929 Addit
330 2864 486 2927 tamenin
510 2862 726 2926 controversia
745 2881 818 2925 eum
836 2858 954 2923 Judaeis
969 2880 1034 2924 non
1050 2858 1244 2944 proferenda
1262 2882 1331 2924 esse

199 2960 444 3052 quaeineorum
460 2986 583 3029 canone
600 2963 726 3028 desunt.
745 2963 776 3026 Si
796 2964 867 3048 quis
886 2961 1053 3046 epistolam
1073 2959 1116 3024 ad
1140 2961 1330 3026 Africanum
1439 2980 1442 2985 “

197 3073 360 3154 integram
390 3077 509 3131 attente
538 3067 719 3153 perlegerit,
745 3086 810 3129 non
837 3065 953 3150 poterit
979 3063 1127 3127 dubitare
1153 3064 1240 3127 hune
1263 3085 1332 3127 esse

197 3193 317 3238 verum
341 3171 485 3256 Origenis
509 3191 648 3235 sensum.
667 3170 774 3251 Quare
797 3166 874 3231 alibi
898 3164 984 3230 idem
1009 3164 1120 3230 doctor
1143 3187 1208 3230 non
1231 3166 1331 3230 semel

197 3285 357 3364 provocat
375 3274 415 3339 ad
431 3274 649 3339 additamenta
661 3272 811 3353 Estheris,
831 3272 910 3335 sieut
925 3269 966 3334 ad
983 3270 1044 3334 alia
1057 3269 1227 3355 Scriptura
1242 3270 1331 3333 testi·

197 3381 313 3445 monia
327 3379 386 3464 (d).
401 3379 434 3440 S.
450 3377 556 3441 Melite
573 3379 627 3463 qui
648 3377 681 3439 in
701 3396 823 3439 canone
842 3374 957 3437 omittit
970 3374 1093 3457 Esther,
1112 3372 1330 3437 additamenta

198 3484 280 3549 citat
295 3482 328 3544 in
355 3479 443 3546 Clari
458 3480 517 3566 (5).
544 3479 576 3543 S.
602 3479 815 3562 Hieronymus
838 3475 880 3540 ad
898 3497 935 3540 ea
959 3484 1114 3561 tanquam
1140 3474 1182 3539 ad
1203 3476 1330 3561 eloquia

201 3737 202 3740 ’
234 3742 272 3806 (t)
286 3743 373 3794 Sintes
384 3744 500 3801 senens,
515 3738 633 3790 aretinae.
648 3743 741 3788 sancta
752 3739 769 3787 t.
788 3736 808 3797 l,
827 3736 880 3788 t-t.
895 3737 961 3800 <ejus
975 3739 1100 3788 sententia
1116 3746 1240 3801 expuncta
1255 3739 1330 3791 tutta

196 3830 225 3880 S.
241 3827 323 3888 Cong.
337 3823 458 3886 ludicis);
478 3823 572 3885 ltupin,
587 3821 697 3872 Dissert.
708 3820 813 3886 pretim.
830 3833 878 3869 sor
893 3820 919 3869 la
934 3820 1002 3871 aitte
1016 3821 1033 3869 l.
1052 3819 1072 3882 1,
1088 3835 1110 3872 e.
1124 3820 1165 3870 lll.
1184 3821 1241 3882 §93
1257 3820 1330 3878 Jahn,

191 3906 457 3965 Benearnum.
534 3947 537 3953 .

229 3991 270 4055 (ἰ)
281 3990 367 4053 Epist.
381 3989 394 4039 Ι
407 3991 442 4039 ad
456 3989 574 4040 Corinth.
588 4001 612 4039 e.
627 3987 668 4037 55.

230 4074 270 4137 (ὅ)
284 4073 392 4132 Stram,
404 4070 445 4122 lV.
463 4072 503 4121 re.

229 4155 269 4218 (4)
280 4154 368 4217 Epist.
378 4155 413 4203 od
422 4153 507 4218 Afric.
519 4154 574 4212 5-5,
594 4155 633 4217 133
645 4154 680 4204 De
691 4154 766 4204 orat.
778 4155 818 4213 te
834 4155 862 4204 ia
874 4153 950 4205 Joers.
965 4163 983 4206 t.
994 4154 1025 4215 ll,
1042 4155 1067 4205 7.
1080 4155 1130 4204 th.
1148 4170 1205 4219 oute
1218 4157 1332 4207 diximus

188 4244 220 4293 in
239 4237 346 4288 Introd.
359 4249 414 4300 perr.
426 4249 449 4285 c.
465 4235 506 4296 lit,
521 4242 571 4287 art.
582 4234 608 4298 a,
624 4250 640 4285 n
663 4237 707 4286 lt.

139 4372 147 4379 ,
230 4320 270 4384 (5)
285 4317 333 4379 ap.
351 4317 442 4380 usgue,
454 4316 555 4367 Patro'.
569 4330 610 4383 pr.
623 4325 644 4369 t.
656 4319 686 4381 V,
698 4318 771 4370 1226.
