<?xml version="1.0" encoding="UTF-8"?>
<!DOCTYPE html PUBLIC "-//W3C//DTD XHTML 1.0 Transitional//EN"
    "http://www.w3.org/TR/xhtml1/DTD/xhtml1-transitional.dtd">
<html xmlns="http://www.w3.org/1999/xhtml" xml:lang="en" lang="en">
 <head>
  <title>
</title>
<meta http-equiv="Content-Type" content="text/html;charset=utf-8" />
  <meta name='ocr-system' content='tesseract 3.04.00' />
  <meta name='ocr-capabilities' content='ocr_page ocr_carea ocr_par ocr_line ocrx_word'/>
</head>
<body>
  <div class='ocr_page' id='page_1' title='image "./introductioinsa00lamygoog/introductioinsa00lamygoog_0247.png"; bbox 0 0 3166 4958; ppageno 0'>
   <div class='ocr_carea' id='block_1_1' title="bbox 293 298 1196 363">
    <p class='ocr_par' dir='ltr' id='par_1_1' title="bbox 293 298 1196 363">
     <span class='ocr_line' id='line_1_1' title="bbox 293 298 1196 363; baseline -0.001 0"><span class='ocrx_word' id='word_1_1' title='bbox 293 298 357 363; x_wconf 62' lang='grc'><strong>158</strong></span> <span class='ocrx_word' id='word_1_2' title='bbox 523 315 723 359; x_wconf 82' lang='lat' dir='ltr'><strong>mmoouono</strong></span> <span class='ocrx_word' id='word_1_3' title='bbox 740 314 886 359; x_wconf 74' lang='lat' dir='ltr'><strong>serenus</strong></span> <span class='ocrx_word' id='word_1_4' title='bbox 902 314 935 358; x_wconf 86' lang='lat' dir='ltr'><strong>m</strong></span> <span class='ocrx_word' id='word_1_5' title='bbox 951 315 977 360; x_wconf 82' lang='lat' dir='ltr'><strong>s.</strong></span> <span class='ocrx_word' id='word_1_6' title='bbox 995 308 1196 362; x_wconf 73' lang='lat' dir='ltr'><strong>soarrrunau.</strong></span> 
     </span>
    </p>
   </div>
   <div class='ocr_carea' id='block_1_2' title="bbox 293 411 1432 705">
    <p class='ocr_par' dir='ltr' id='par_1_2' title="bbox 293 411 1432 705">
     <span class='ocr_line' id='line_1_2' title="bbox 295 411 1432 497; baseline 0 -18"><span class='ocrx_word' id='word_1_7' title='bbox 295 414 503 496; x_wconf 88' lang='lat' dir='ltr'><strong>abstulerant,</strong></span> <span class='ocrx_word' id='word_1_8' title='bbox 519 412 576 476; x_wconf 91' lang='lat' dir='ltr'><strong>sed</strong></span> <span class='ocrx_word' id='word_1_9' title='bbox 593 414 686 497; x_wconf 90' lang='lat' dir='ltr'><strong>plura</strong></span> <span class='ocrx_word' id='word_1_10' title='bbox 702 414 798 476; x_wconf 88' lang='lat' dir='ltr'><strong>etiam</strong></span> <span class='ocrx_word' id='word_1_11' title='bbox 817 413 848 475; x_wconf 90' lang='lat' dir='ltr'><strong>in</strong></span> <span class='ocrx_word' id='word_1_12' title='bbox 865 411 973 476; x_wconf 89' lang='lat' dir='ltr'><strong>medio</strong></span> <span class='ocrx_word' id='word_1_13' title='bbox 992 414 1044 477; x_wconf 82' lang='lat' dir='ltr'><strong>vei</strong></span> <span class='ocrx_word' id='word_1_14' title='bbox 1060 411 1252 478; x_wconf 78' lang='lat' dir='ltr'><strong>addiderant</strong></span> <span class='ocrx_word' id='word_1_15' title='bbox 1267 413 1317 477; x_wconf 89' lang='lat' dir='ltr'><strong>vei</strong></span> <span class='ocrx_word' id='word_1_16' title='bbox 1331 434 1432 479; x_wconf 91' lang='lat' dir='ltr'><strong>rese-</strong></span> 
     </span>
     <span class='ocr_line' id='line_1_3' title="bbox 293 512 1427 603; baseline 0 -22"><span class='ocrx_word' id='word_1_17' title='bbox 293 525 417 599; x_wconf 86' lang='lat' dir='ltr'><strong>eeraut,</strong></span> <span class='ocrx_word' id='word_1_18' title='bbox 443 524 538 601; x_wconf 91' lang='lat' dir='ltr'><strong>prout</strong></span> <span class='ocrx_word' id='word_1_19' title='bbox 554 516 639 600; x_wconf 88' lang='lat' dir='ltr'><strong>ipsos</strong></span> <span class='ocrx_word' id='word_1_20' title='bbox 658 513 700 578; x_wconf 89' lang='lat' dir='ltr'><strong>ad</strong></span> <span class='ocrx_word' id='word_1_21' title='bbox 719 512 752 577; x_wconf 88' lang='lat' dir='ltr'><strong>id</strong></span> <span class='ocrx_word' id='word_1_22' title='bbox 779 513 914 599; x_wconf 74' lang='lat' dir='ltr'><strong>cogebat</strong></span> <span class='ocrx_word' id='word_1_23' title='bbox 934 516 1156 579; x_wconf 78' lang='lat' dir='ltr'><strong>controversia</strong></span> <span class='ocrx_word' id='word_1_24' title='bbox 1173 517 1342 580; x_wconf 81' lang='lat' dir='ltr'><strong>necessitas</strong></span> <span class='ocrx_word' id='word_1_25' title='bbox 1358 517 1427 603; x_wconf 86' lang='lat'><strong>(1).</strong></span> 
     </span>
     <span class='ocr_line' id='line_1_4' title="bbox 295 617 1431 705; baseline 0 -21"><span class='ocrx_word' id='word_1_26' title='bbox 295 619 418 684; x_wconf 84' lang='lat' dir='ltr'><strong>Eodem</strong></span> <span class='ocrx_word' id='word_1_27' title='bbox 430 620 498 683; x_wconf 88' lang='lat' dir='ltr'><strong>iere</strong></span> <span class='ocrx_word' id='word_1_28' title='bbox 513 627 658 703; x_wconf 89' lang='lat' dir='ltr'><strong>tempore</strong></span> <span class='ocrx_word' id='word_1_29' title='bbox 674 619 819 702; x_wconf 78' lang='lat' dir='ltr'>prorupit</span> <span class='ocrx_word' id='word_1_30' title='bbox 834 625 919 682; x_wconf 85' lang='lat' dir='ltr'><strong>secia</strong></span> <span class='ocrx_word' id='word_1_31' title='bbox 935 617 1114 703; x_wconf 70' lang='lat' dir='ltr'><strong>Asperum,</strong></span> <span class='ocrx_word' id='word_1_32' title='bbox 1133 620 1201 705; x_wconf 77' lang='lat' dir='ltr'><strong>qui,</strong></span> <span class='ocrx_word' id='word_1_33' title='bbox 1216 620 1292 704; x_wconf 87' lang='lat' dir='ltr'><strong>quia</strong></span> <span class='ocrx_word' id='word_1_34' title='bbox 1309 638 1431 684; x_wconf 87' lang='lat' dir='ltr'><strong>eorum</strong></span> 
     </span>
    </p>
   </div>
   <div class='ocr_carea' id='block_1_3' title="bbox 296 720 1553 806">
    <p class='ocr_par' dir='ltr' id='par_1_3' title="bbox 296 720 1553 806">
     <span class='ocr_line' id='line_1_5' title="bbox 296 720 1553 806; baseline -0.006 -20"><span class='ocrx_word' id='word_1_35' title='bbox 296 723 425 787; x_wconf 82' lang='lat' dir='ltr'><strong>haeresis</strong></span> <span class='ocrx_word' id='word_1_36' title='bbox 437 721 618 785; x_wconf 89' lang='lat' dir='ltr'><strong>nullatenus</strong></span> <span class='ocrx_word' id='word_1_37' title='bbox 631 720 801 784; x_wconf 77' lang='lat' dir='ltr'><strong>consistere</strong></span> <span class='ocrx_word' id='word_1_38' title='bbox 815 729 941 805; x_wconf 76' lang='lat' dir='ltr'><strong>poterat</strong></span> <span class='ocrx_word' id='word_1_39' title='bbox 955 722 1079 785; x_wconf 75' lang='lat' dir='ltr'><strong>eumilo</strong></span> <span class='ocrx_word' id='word_1_40' title='bbox 1095 721 1314 806; x_wconf 79' lang='lat' dir='ltr'><strong>quoeioannes</strong></span> <span class='ocrx_word' id='word_1_41' title='bbox 1325 721 1431 787; x_wconf 85' lang='lat' dir='ltr'><strong>habet</strong></span> <span class='ocrx_word' id='word_1_42' title='bbox 1468 766 1473 780; x_wconf 87' lang='lat'><strong>.</strong></span> <span class='ocrx_word' id='word_1_43' title='bbox 1552 772 1553 779; x_wconf 71' lang='grc'>,</span> 
     </span>
    </p>
   </div>
   <div class='ocr_carea' id='block_1_4' title="bbox 295 822 1434 1424">
    <p class='ocr_par' dir='ltr' id='par_1_4' title="bbox 295 822 1150 910">
     <span class='ocr_line' id='line_1_6' title="bbox 295 822 1150 910; baseline 0 -22"><span class='ocrx_word' id='word_1_44' title='bbox 295 824 338 889; x_wconf 85' lang='lat' dir='ltr'><strong>de</strong></span> <span class='ocrx_word' id='word_1_45' title='bbox 354 825 474 907; x_wconf 88' lang='lat' dir='ltr'><strong>Verbo,</strong></span> <span class='ocrx_word' id='word_1_46' title='bbox 490 824 700 908; x_wconf 82' lang='lat' dir='ltr'><strong>Evangelium</strong></span> <span class='ocrx_word' id='word_1_47' title='bbox 714 822 848 888; x_wconf 76' lang='lat' dir='ltr'><strong>Ioannis</strong></span> <span class='ocrx_word' id='word_1_48' title='bbox 864 822 1102 910; x_wconf 83' lang='lat' dir='ltr'><strong>repudiabant(</strong></span> <span class='ocrx_word' id='word_1_49' title='bbox 1126 823 1150 909; x_wconf 85' lang='lat'><strong>).</strong></span> 
     </span>
    </p>

    <p class='ocr_par' dir='ltr' id='par_1_5' title="bbox 296 926 1434 1424">
     <span class='ocr_line' id='line_1_7' title="bbox 341 926 1432 1013; baseline 0.003 -23"><span class='ocrx_word' id='word_1_50' title='bbox 341 928 372 991; x_wconf 82' lang='lat'><strong>5.</strong></span> <span class='ocrx_word' id='word_1_51' title='bbox 389 927 557 991; x_wconf 69' lang='lat' dir='ltr'><strong>Manichaei.</strong></span> <span class='ocrx_word' id='word_1_52' title='bbox 573 926 757 1011; x_wconf 86' lang='lat' dir='ltr'><strong>Versipeilis</strong></span> <span class='ocrx_word' id='word_1_53' title='bbox 769 927 1017 990; x_wconf 80' lang='lat' dir='ltr'><strong>Manichaeorum</strong></span> <span class='ocrx_word' id='word_1_54' title='bbox 1028 935 1126 1010; x_wconf 87' lang='lat' dir='ltr'><strong>secta,</strong></span> <span class='ocrx_word' id='word_1_55' title='bbox 1140 929 1256 1013; x_wconf 89' lang='lat' dir='ltr'><strong>partim</strong></span> <span class='ocrx_word' id='word_1_56' title='bbox 1267 927 1432 994; x_wconf 82' lang='lat' dir='ltr'><strong>Gnostieis</strong></span> 
     </span>
     <span class='ocr_line' id='line_1_8' title="bbox 296 1027 1432 1117; baseline 0.003 -25"><span class='ocrx_word' id='word_1_57' title='bbox 296 1028 412 1113; x_wconf 88' lang='lat' dir='ltr'><strong>partim</strong></span> <span class='ocrx_word' id='word_1_58' title='bbox 442 1027 635 1091; x_wconf 74' lang='lat' dir='ltr'><strong>Marcionitis</strong></span> <span class='ocrx_word' id='word_1_59' title='bbox 657 1028 868 1111; x_wconf 87' lang='lat' dir='ltr'><strong>consentiens,</strong></span> <span class='ocrx_word' id='word_1_60' title='bbox 895 1028 1068 1113; x_wconf 69' lang='lat' dir='ltr'><strong>Evangelia</strong></span> <span class='ocrx_word' id='word_1_61' title='bbox 1091 1030 1197 1114; x_wconf 87' lang='lat' dir='ltr'><strong>specie</strong></span> <span class='ocrx_word' id='word_1_62' title='bbox 1220 1029 1364 1117; x_wconf 88' lang='lat' dir='ltr'><strong>quidem,</strong></span> <span class='ocrx_word' id='word_1_63' title='bbox 1391 1042 1432 1096; x_wconf 88' lang='lat' dir='ltr'><strong>ut</strong></span> 
     </span>
     <span class='ocr_line' id='line_1_9' title="bbox 296 1129 1429 1219; baseline 0.004 -25"><span class='ocrx_word' id='word_1_64' title='bbox 296 1129 444 1196; x_wconf 85' lang='lat' dir='ltr'><strong>hodierni</strong></span> <span class='ocrx_word' id='word_1_65' title='bbox 467 1130 704 1211; x_wconf 87' lang='lat' dir='ltr'><strong>Rationalistae,</strong></span> <span class='ocrx_word' id='word_1_66' title='bbox 730 1129 927 1214; x_wconf 82' lang='lat' dir='ltr'><strong>recipiebat3</strong></span> <span class='ocrx_word' id='word_1_67' title='bbox 962 1151 999 1194; x_wconf 87' lang='lat' dir='ltr'><strong>re</strong></span> <span class='ocrx_word' id='word_1_68' title='bbox 1026 1141 1132 1195; x_wconf 86' lang='lat' dir='ltr'><strong>autem</strong></span> <span class='ocrx_word' id='word_1_69' title='bbox 1165 1152 1238 1196; x_wconf 89' lang='lat' dir='ltr'><strong>vera</strong></span> <span class='ocrx_word' id='word_1_70' title='bbox 1270 1133 1429 1219; x_wconf 80' lang='lat' dir='ltr'><strong>negabat.</strong></span> 
     </span>
     <span class='ocr_line' id='line_1_10' title="bbox 299 1231 1434 1322; baseline 0.006 -29"><span class='ocrx_word' id='word_1_71' title='bbox 299 1258 314 1293; x_wconf 78' lang='lat' dir='ltr'><strong>a</strong></span> <span class='ocrx_word' id='word_1_72' title='bbox 334 1234 535 1298; x_wconf 87' lang='lat' dir='ltr'><strong>Diaboiieum</strong></span> <span class='ocrx_word' id='word_1_73' title='bbox 552 1231 633 1297; x_wconf 93' lang='lat' dir='ltr'><strong>iilud</strong></span> <span class='ocrx_word' id='word_1_74' title='bbox 656 1231 715 1297; x_wconf 88' lang='lat' dir='ltr'><strong>sibi</strong></span> <span class='ocrx_word' id='word_1_75' title='bbox 737 1233 939 1318; x_wconf 78' lang='lat' dir='ltr'><strong>privilegium</strong></span> <span class='ocrx_word' id='word_1_76' title='bbox 955 1242 1106 1319; x_wconf 78' lang='lat' dir='ltr'><strong>arrogant</strong></span> <span class='ocrx_word' id='word_1_77' title='bbox 1123 1235 1300 1318; x_wconf 81' lang='lat' dir='ltr'><strong>Manichaei,</strong></span> <span class='ocrx_word' id='word_1_78' title='bbox 1320 1237 1434 1322; x_wconf 91' lang='lat' dir='ltr'><strong>iuquit</strong></span> 
     </span>
     <span class='ocr_line' id='line_1_11' title="bbox 296 1333 1430 1424; baseline 0.001 -23"><span class='ocrx_word' id='word_1_79' title='bbox 296 1337 502 1422; x_wconf 79' lang='lat' dir='ltr'><strong>Augustinus,</strong></span> <span class='ocrx_word' id='word_1_80' title='bbox 518 1345 553 1399; x_wconf 90' lang='lat' dir='ltr'><strong>ut</strong></span> <span class='ocrx_word' id='word_1_81' title='bbox 570 1333 728 1421; x_wconf 92' lang='lat' dir='ltr'><strong>quidquid</strong></span> <span class='ocrx_word' id='word_1_82' title='bbox 744 1334 835 1399; x_wconf 86' lang='lat' dir='ltr'><strong>estin</strong></span> <span class='ocrx_word' id='word_1_83' title='bbox 851 1337 1023 1421; x_wconf 81' lang='lat' dir='ltr'><strong>Evangelio</strong></span> <span class='ocrx_word' id='word_1_84' title='bbox 1040 1354 1106 1423; x_wconf 86' lang='lat' dir='ltr'><strong>quo</strong></span> <span class='ocrx_word' id='word_1_85' title='bbox 1119 1336 1265 1424; x_wconf 83' lang='lat' dir='ltr'><strong>adjuvari</strong></span> <span class='ocrx_word' id='word_1_86' title='bbox 1277 1339 1430 1402; x_wconf 82' lang='lat' dir='ltr'><strong>haeresim</strong></span> 
     </span>
    </p>
   </div>
   <div class='ocr_carea' id='block_1_5' title="bbox 197 1437 1433 1523">
    <p class='ocr_par' dir='ltr' id='par_1_6' title="bbox 197 1437 1433 1523">
     <span class='ocr_line' id='line_1_12' title="bbox 197 1437 1433 1523; baseline 0.002 -21"><span class='ocrx_word' id='word_1_87' title='bbox 197 1465 200 1474; x_wconf 91' lang='lat'>·</span> <span class='ocrx_word' id='word_1_88' title='bbox 296 1460 387 1503; x_wconf 91' lang='lat' dir='ltr'><strong>suam</strong></span> <span class='ocrx_word' id='word_1_89' title='bbox 411 1447 545 1523; x_wconf 88' lang='lat' dir='ltr'><strong>putent,</strong></span> <span class='ocrx_word' id='word_1_90' title='bbox 577 1437 610 1501; x_wconf 93' lang='lat' dir='ltr'><strong>id</strong></span> <span class='ocrx_word' id='word_1_91' title='bbox 629 1458 702 1510; x_wconf 87' lang='lat' dir='ltr'><strong>esse</strong></span> <span class='ocrx_word' id='word_1_92' title='bbox 724 1458 743 1500; x_wconf 91' lang='lat' dir='ltr'><strong>a</strong></span> <span class='ocrx_word' id='word_1_93' title='bbox 766 1437 890 1501; x_wconf 86' lang='lat' dir='ltr'><strong>Christo</strong></span> <span class='ocrx_word' id='word_1_94' title='bbox 914 1447 946 1501; x_wconf 90' lang='lat' dir='ltr'><strong>et</strong></span> <span class='ocrx_word' id='word_1_95' title='bbox 968 1437 1128 1523; x_wconf 79' lang='lat' dir='ltr'><strong>Apostolis</strong></span> <span class='ocrx_word' id='word_1_96' title='bbox 1150 1438 1272 1504; x_wconf 87' lang='lat' dir='ltr'><strong>dietum</strong></span> <span class='ocrx_word' id='word_1_97' title='bbox 1296 1448 1433 1504; x_wconf 84' lang='lat' dir='ltr'><strong>teneant</strong></span> 
     </span>
    </p>
   </div>
   <div class='ocr_carea' id='block_1_6' title="bbox 291 1537 1431 2547">
    <p class='ocr_par' dir='ltr' id='par_1_7' title="bbox 291 1537 1431 2445">
     <span class='ocr_line' id='line_1_13' title="bbox 296 1537 1431 1627; baseline 0.001 -22"><span class='ocrx_word' id='word_1_98' title='bbox 296 1551 393 1627; x_wconf 87' lang='lat' dir='ltr'><strong>atque</strong></span> <span class='ocrx_word' id='word_1_99' title='bbox 413 1538 591 1622; x_wconf 81' lang='lat' dir='ltr'><strong>suadeant3</strong></span> <span class='ocrx_word' id='word_1_100' title='bbox 609 1537 766 1625; x_wconf 87' lang='lat' dir='ltr'><strong>quidquid</strong></span> <span class='ocrx_word' id='word_1_101' title='bbox 783 1548 891 1603; x_wconf 88' lang='lat' dir='ltr'><strong>autern</strong></span> <span class='ocrx_word' id='word_1_102' title='bbox 908 1560 946 1603; x_wconf 85' lang='lat' dir='ltr'><strong>ex</strong></span> <span class='ocrx_word' id='word_1_103' title='bbox 965 1538 1078 1605; x_wconf 87' lang='lat' dir='ltr'><strong>iisdem</strong></span> <span class='ocrx_word' id='word_1_104' title='bbox 1092 1539 1257 1606; x_wconf 83' lang='lat' dir='ltr'><strong>codicibus</strong></span> <span class='ocrx_word' id='word_1_105' title='bbox 1270 1541 1431 1606; x_wconf 85' lang='lat' dir='ltr'><strong>adversus</strong></span> 
     </span>
     <span class='ocr_line' id='line_1_14' title="bbox 296 1641 1431 1729; baseline 0.001 -22"><span class='ocrx_word' id='word_1_106' title='bbox 296 1665 351 1708; x_wconf 92' lang='lat' dir='ltr'><strong>eos</strong></span> <span class='ocrx_word' id='word_1_107' title='bbox 373 1643 536 1724; x_wconf 85' lang='lat' dir='ltr'><strong>sonuerit,</strong></span> <span class='ocrx_word' id='word_1_108' title='bbox 561 1642 738 1705; x_wconf 89' lang='lat' dir='ltr'><strong>immissum</strong></span> <span class='ocrx_word' id='word_1_109' title='bbox 762 1641 805 1705; x_wconf 89' lang='lat' dir='ltr'><strong>ah</strong></span> <span class='ocrx_word' id='word_1_110' title='bbox 828 1642 1078 1726; x_wconf 72' lang='lat' dir='ltr'><strong>infalsatoribus,</strong></span> <span class='ocrx_word' id='word_1_111' title='bbox 1105 1664 1161 1707; x_wconf 92' lang='lat' dir='ltr'><strong>ore</strong></span> <span class='ocrx_word' id='word_1_112' title='bbox 1183 1642 1361 1729; x_wconf 88' lang='lat' dir='ltr'><strong>impudenti</strong></span> <span class='ocrx_word' id='word_1_113' title='bbox 1372 1646 1431 1708; x_wconf 87' lang='lat' dir='ltr'><strong>‘uc</strong></span> 
     </span>
     <span class='ocr_line' id='line_1_15' title="bbox 296 1742 1431 1831; baseline 0.002 -23"><span class='ocrx_word' id='word_1_114' title='bbox 296 1746 451 1831; x_wconf 83' lang='lat' dir='ltr'><strong>sacrilego</strong></span> <span class='ocrx_word' id='word_1_115' title='bbox 467 1765 531 1808; x_wconf 88' lang='lat' dir='ltr'><strong>non</strong></span> <span class='ocrx_word' id='word_1_116' title='bbox 554 1742 700 1808; x_wconf 84' lang='lat' dir='ltr'><strong>dubitent</strong></span> <span class='ocrx_word' id='word_1_117' title='bbox 723 1742 842 1826; x_wconf 85' lang='lat' dir='ltr'><strong>dicere.</strong></span> <span class='ocrx_word' id='word_1_118' title='bbox 866 1770 881 1805; x_wconf 77' lang='lat' dir='ltr'><strong>o</strong></span> <span class='ocrx_word' id='word_1_119' title='bbox 901 1744 1039 1809; x_wconf 85' lang='lat' dir='ltr'><strong>Ulterius</strong></span> <span class='ocrx_word' id='word_1_120' title='bbox 1064 1747 1220 1830; x_wconf 74' lang='lat' dir='ltr'><strong>progressi</strong></span> <span class='ocrx_word' id='word_1_121' title='bbox 1250 1748 1319 1810; x_wconf 88' lang='lat' dir='ltr'><strong>ausi</strong></span> <span class='ocrx_word' id='word_1_122' title='bbox 1350 1757 1431 1810; x_wconf 89' lang='lat' dir='ltr'><strong>sunt</strong></span> 
     </span>
     <span class='ocr_line' id='line_1_16' title="bbox 291 1844 1428 1933; baseline 0 -22"><span class='ocrx_word' id='word_1_123' title='bbox 291 1848 414 1933; x_wconf 86' lang='lat' dir='ltr'><strong>jactare</strong></span> <span class='ocrx_word' id='word_1_124' title='bbox 436 1846 609 1930; x_wconf 79' lang='lat' dir='ltr'><strong>Evangelia</strong></span> <span class='ocrx_word' id='word_1_125' title='bbox 636 1869 650 1904; x_wconf 81' lang='lat' dir='ltr'><strong>a</strong></span> <span class='ocrx_word' id='word_1_126' title='bbox 677 1845 773 1931; x_wconf 78' lang='lat' dir='ltr'><strong>longo</strong></span> <span class='ocrx_word' id='word_1_127' title='bbox 797 1854 868 1930; x_wconf 87' lang='lat' dir='ltr'><strong>post</strong></span> <span class='ocrx_word' id='word_1_128' title='bbox 891 1855 1036 1931; x_wconf 88' lang='lat' dir='ltr'><strong>tempore</strong></span> <span class='ocrx_word' id='word_1_129' title='bbox 1050 1868 1071 1911; x_wconf 76' lang='lat' dir='ltr'><strong>a</strong></span> <span class='ocrx_word' id='word_1_130' title='bbox 1090 1844 1284 1932; x_wconf 83' lang='lat' dir='ltr'><strong>quibusdam</strong></span> <span class='ocrx_word' id='word_1_131' title='bbox 1309 1848 1428 1912; x_wconf 86' lang='lat' dir='ltr'><strong>incerti</strong></span> 
     </span>
     <span class='ocr_line' id='line_1_17' title="bbox 293 1947 1428 2035; baseline 0.002 -23"><span class='ocrx_word' id='word_1_132' title='bbox 293 1950 429 2015; x_wconf 89' lang='lat' dir='ltr'><strong>nominis</strong></span> <span class='ocrx_word' id='word_1_133' title='bbox 445 1950 520 2013; x_wconf 86' lang='lat' dir='ltr'><strong>viris</strong></span> <span class='ocrx_word' id='word_1_134' title='bbox 536 1948 604 2034; x_wconf 91' lang='lat' dir='ltr'><strong>qul,</strong></span> <span class='ocrx_word' id='word_1_135' title='bbox 618 1969 659 2011; x_wconf 91' lang='lat' dir='ltr'><strong>ne</strong></span> <span class='ocrx_word' id='word_1_136' title='bbox 675 1948 735 2012; x_wconf 89' lang='lat' dir='ltr'><strong>sihi</strong></span> <span class='ocrx_word' id='word_1_137' title='bbox 749 1969 812 2011; x_wconf 91' lang='lat' dir='ltr'><strong>non</strong></span> <span class='ocrx_word' id='word_1_138' title='bbox 829 1947 1002 2013; x_wconf 81' lang='lat' dir='ltr'><strong>haberetur</strong></span> <span class='ocrx_word' id='word_1_139' title='bbox 1017 1947 1109 2032; x_wconf 81' lang='lat' dir='ltr'><strong>tides,</strong></span> <span class='ocrx_word' id='word_1_140' title='bbox 1126 1948 1338 2014; x_wconf 88' lang='lat' dir='ltr'><strong>scribentibus</strong></span> <span class='ocrx_word' id='word_1_141' title='bbox 1350 1968 1428 2035; x_wconf 78' lang='lat' dir='ltr'><strong>ques</strong></span> 
     </span>
     <span class='ocr_line' id='line_1_18' title="bbox 293 2049 1426 2137; baseline 0.001 -22"><span class='ocrx_word' id='word_1_142' title='bbox 293 2053 462 2133; x_wconf 86' lang='lat' dir='ltr'><strong>nescirent,</strong></span> <span class='ocrx_word' id='word_1_143' title='bbox 478 2053 594 2136; x_wconf 86' lang='lat' dir='ltr'><strong>partim</strong></span> <span class='ocrx_word' id='word_1_144' title='bbox 608 2049 835 2135; x_wconf 84' lang='lat' dir='ltr'><strong>Apostolorum</strong></span> <span class='ocrx_word' id='word_1_145' title='bbox 848 2052 991 2135; x_wconf 89' lang='lat' dir='ltr'><strong>uomina,</strong></span> <span class='ocrx_word' id='word_1_146' title='bbox 1005 2053 1121 2136; x_wconf 87' lang='lat' dir='ltr'><strong>partim</strong></span> <span class='ocrx_word' id='word_1_147' title='bbox 1134 2073 1246 2116; x_wconf 88' lang='lat' dir='ltr'><strong>eurum</strong></span> <span class='ocrx_word' id='word_1_148' title='bbox 1261 2053 1316 2137; x_wconf 88' lang='lat' dir='ltr'><strong>qui</strong></span> <span class='ocrx_word' id='word_1_149' title='bbox 1332 2052 1426 2136; x_wconf 79' lang='lat' dir='ltr'><strong>Apo-</strong></span> 
     </span>
     <span class='ocr_line' id='line_1_19' title="bbox 292 2151 1425 2239; baseline -0.001 -20"><span class='ocrx_word' id='word_1_150' title='bbox 292 2155 390 2219; x_wconf 89' lang='lat' dir='ltr'><strong>stolos</strong></span> <span class='ocrx_word' id='word_1_151' title='bbox 415 2155 512 2219; x_wconf 85' lang='lat' dir='ltr'><strong>secuti</strong></span> <span class='ocrx_word' id='word_1_152' title='bbox 537 2151 735 2235; x_wconf 81' lang='lat' dir='ltr'><strong>viderentur,</strong></span> <span class='ocrx_word' id='word_1_153' title='bbox 755 2154 946 2239; x_wconf 85' lang='lat' dir='ltr'><strong>scriptorum</strong></span> <span class='ocrx_word' id='word_1_154' title='bbox 961 2173 1094 2219; x_wconf 89' lang='lat' dir='ltr'><strong>suorum</strong></span> <span class='ocrx_word' id='word_1_155' title='bbox 1115 2155 1274 2219; x_wconf 81' lang='lat' dir='ltr'><strong>frontibus</strong></span> <span class='ocrx_word' id='word_1_156' title='bbox 1290 2153 1425 2219; x_wconf 87' lang='lat' dir='ltr'><strong>indide-</strong></span> 
     </span>
     <span class='ocr_line' id='line_1_20' title="bbox 295 2253 1426 2343; baseline 0.001 -23"><span class='ocrx_word' id='word_1_157' title='bbox 295 2266 371 2321; x_wconf 88' lang='lat' dir='ltr'><strong>runt</strong></span> <span class='ocrx_word' id='word_1_158' title='bbox 383 2302 393 2340; x_wconf 86' lang='lat'>‚</span> <span class='ocrx_word' id='word_1_159' title='bbox 407 2302 410 2307; x_wconf 76' lang='lat'><em>-</em></span> <span class='ocrx_word' id='word_1_160' title='bbox 424 2263 641 2319; x_wconf 83' lang='lat' dir='ltr'><strong>asseverantes</strong></span> <span class='ocrx_word' id='word_1_161' title='bbox 662 2253 839 2318; x_wconf 89' lang='lat' dir='ltr'><strong>secundum</strong></span> <span class='ocrx_word' id='word_1_162' title='bbox 867 2271 923 2319; x_wconf 85' lang='lat' dir='ltr'><strong>eos</strong></span> <span class='ocrx_word' id='word_1_163' title='bbox 944 2274 979 2320; x_wconf 85' lang='lat' dir='ltr'><strong>se</strong></span> <span class='ocrx_word' id='word_1_164' title='bbox 1002 2257 1161 2341; x_wconf 85' lang='lat' dir='ltr'><strong>scripsisse</strong></span> <span class='ocrx_word' id='word_1_165' title='bbox 1185 2274 1257 2343; x_wconf 77' lang='lat' dir='ltr'><strong>que</strong></span> <span class='ocrx_word' id='word_1_166' title='bbox 1281 2255 1426 2342; x_wconf 80' lang='lat' dir='ltr'><strong>seripse-</strong></span> 
     </span>
     <span class='ocr_line' id='line_1_21' title="bbox 294 2359 469 2445; baseline -0.023 -21"><span class='ocrx_word' id='word_1_167' title='bbox 294 2362 358 2424; x_wconf 87' lang='lat' dir='ltr'><strong>rint</strong></span> <span class='ocrx_word' id='word_1_168' title='bbox 374 2359 435 2445; x_wconf 80' lang='lat'>(5).</span> <span class='ocrx_word' id='word_1_169' title='bbox 454 2386 469 2420; x_wconf 73' lang='lat' dir='ltr'><strong>s</strong></span> 
     </span>
    </p>

    <p class='ocr_par' dir='ltr' id='par_1_8' title="bbox 336 2458 1421 2547">
     <span class='ocr_line' id='line_1_22' title="bbox 336 2458 1421 2547; baseline 0.001 -22"><span class='ocrx_word' id='word_1_170' title='bbox 336 2464 369 2525; x_wconf 84' lang='lat' dir='ltr'><strong>ti.</strong></span> <span class='ocrx_word' id='word_1_171' title='bbox 389 2460 582 2546; x_wconf 77' lang='lat' dir='ltr'><strong>Philosophi.</strong></span> <span class='ocrx_word' id='word_1_172' title='bbox 608 2460 792 2545; x_wconf 89' lang='lat' dir='ltr'><strong>Philosophi</strong></span> <span class='ocrx_word' id='word_1_173' title='bbox 815 2458 954 2546; x_wconf 83' lang='lat' dir='ltr'><strong>denique</strong></span> <span class='ocrx_word' id='word_1_174' title='bbox 970 2462 1100 2547; x_wconf 79' lang='lat' dir='ltr'><strong>pagani,</strong></span> <span class='ocrx_word' id='word_1_175' title='bbox 1124 2462 1244 2545; x_wconf 84' lang='lat' dir='ltr'><strong>Celsus,</strong></span> <span class='ocrx_word' id='word_1_176' title='bbox 1268 2462 1421 2547; x_wconf 59' lang='lat' dir='ltr'><strong>Porphyv</strong></span> 
     </span>
    </p>
   </div>
   <div class='ocr_carea' id='block_1_7' title="bbox 290 2563 1559 3269">
    <p class='ocr_par' dir='ltr' id='par_1_9' title="bbox 292 2563 1421 2834">
     <span class='ocr_line' id='line_1_23' title="bbox 293 2563 1421 2649; baseline 0 -21"><span class='ocrx_word' id='word_1_177' title='bbox 293 2565 359 2628; x_wconf 88' lang='lat' dir='ltr'><strong>rius</strong></span> <span class='ocrx_word' id='word_1_178' title='bbox 370 2585 410 2629; x_wconf 90' lang='lat' dir='ltr'><strong>ae</strong></span> <span class='ocrx_word' id='word_1_179' title='bbox 421 2564 566 2627; x_wconf 84' lang='lat' dir='ltr'><strong>Julianus</strong></span> <span class='ocrx_word' id='word_1_180' title='bbox 578 2572 732 2649; x_wconf 87' lang='lat' dir='ltr'><strong>apostata,</strong></span> <span class='ocrx_word' id='word_1_181' title='bbox 742 2563 890 2648; x_wconf 82' lang='lat' dir='ltr'><strong>quamvis</strong></span> <span class='ocrx_word' id='word_1_182' title='bbox 901 2564 1050 2628; x_wconf 88' lang='lat' dir='ltr'><strong>omnibus</strong></span> <span class='ocrx_word' id='word_1_183' title='bbox 1060 2565 1180 2630; x_wconf 80' lang='lat' dir='ltr'><strong>viribus</strong></span> <span class='ocrx_word' id='word_1_184' title='bbox 1192 2564 1306 2630; x_wconf 83' lang='lat' dir='ltr'><strong>Christi</strong></span> <span class='ocrx_word' id='word_1_185' title='bbox 1316 2563 1421 2629; x_wconf 82' lang='lat' dir='ltr'><strong>iidem</strong></span> 
     </span>
     <span class='ocr_line' id='line_1_24' title="bbox 292 2666 1419 2754; baseline 0.003 -25"><span class='ocrx_word' id='word_1_186' title='bbox 292 2668 528 2752; x_wconf 82' lang='lat' dir='ltr'><strong>impugnarent,</strong></span> <span class='ocrx_word' id='word_1_187' title='bbox 549 2687 613 2730; x_wconf 87' lang='lat' dir='ltr'><strong>non</strong></span> <span class='ocrx_word' id='word_1_188' title='bbox 637 2676 794 2751; x_wconf 79' lang='lat' dir='ltr'><strong>negarunt</strong></span> <span class='ocrx_word' id='word_1_189' title='bbox 817 2666 989 2751; x_wconf 81' lang='lat' dir='ltr'><strong>Evangelia</strong></span> <span class='ocrx_word' id='word_1_190' title='bbox 1012 2668 1245 2754; x_wconf 77' lang='lat' dir='ltr'><strong>Apostolorum·</strong></span> <span class='ocrx_word' id='word_1_191' title='bbox 1261 2688 1341 2752; x_wconf 85' lang='lat' dir='ltr'><strong>essa,</strong></span> <span class='ocrx_word' id='word_1_192' title='bbox 1359 2666 1419 2732; x_wconf 83' lang='lat' dir='ltr'><strong>ssd</strong></span> 
     </span>
     <span class='ocr_line' id='line_1_25' title="bbox 293 2767 982 2834; baseline 0.003 -3"><span class='ocrx_word' id='word_1_193' title='bbox 293 2788 403 2832; x_wconf 88' lang='lat' dir='ltr'><strong>eorum</strong></span> <span class='ocrx_word' id='word_1_194' title='bbox 421 2769 585 2834; x_wconf 81' lang='lat' dir='ltr'><strong>veritatem</strong></span> <span class='ocrx_word' id='word_1_195' title='bbox 603 2768 765 2832; x_wconf 89' lang='lat' dir='ltr'><strong>infirmare</strong></span> <span class='ocrx_word' id='word_1_196' title='bbox 782 2767 982 2833; x_wconf 86' lang='lat' dir='ltr'><strong>studuerunt.</strong></span> 
     </span>
    </p>

    <p class='ocr_par' dir='ltr' id='par_1_10' title="bbox 290 2871 1559 3269">
     <span class='ocr_line' id='line_1_26' title="bbox 334 2871 1418 2957; baseline 0.004 -23"><span class='ocrx_word' id='word_1_197' title='bbox 334 2872 366 2936; x_wconf 91' lang='grc'><strong>7.</strong></span> <span class='ocrx_word' id='word_1_198' title='bbox 392 2873 510 2936; x_wconf 76' lang='lat' dir='ltr'><strong>Praeter</strong></span> <span class='ocrx_word' id='word_1_199' title='bbox 532 2893 629 2957; x_wconf 87' lang='lat' dir='ltr'><strong>supra</strong></span> <span class='ocrx_word' id='word_1_200' title='bbox 652 2881 869 2954; x_wconf 88' lang='lat' dir='ltr'><strong>memoratos,</strong></span> <span class='ocrx_word' id='word_1_201' title='bbox 903 2872 957 2935; x_wconf 83' lang='lat' dir='ltr'><strong>rix</strong></span> <span class='ocrx_word' id='word_1_202' title='bbox 985 2871 1039 2936; x_wconf 89' lang='lat' dir='ltr'><strong>aiii</strong></span> <span class='ocrx_word' id='word_1_203' title='bbox 1064 2873 1269 2938; x_wconf 74' lang='lat' dir='ltr'><strong>inveniuntur</strong></span> <span class='ocrx_word' id='word_1_204' title='bbox 1290 2875 1322 2937; x_wconf 91' lang='lat' dir='ltr'><strong>in</strong></span> <span class='ocrx_word' id='word_1_205' title='bbox 1350 2881 1418 2938; x_wconf 85' lang='lat' dir='ltr'><strong>tota</strong></span> 
     </span>
     <span class='ocr_line' id='line_1_27' title="bbox 291 2972 1559 3065; baseline 0 -26"><span class='ocrx_word' id='word_1_206' title='bbox 291 2975 478 3061; x_wconf 85' lang='lat' dir='ltr'><strong>antiquitate</strong></span> <span class='ocrx_word' id='word_1_207' title='bbox 491 2975 545 3060; x_wconf 84' lang='lat' dir='ltr'><strong>qni</strong></span> <span class='ocrx_word' id='word_1_208' title='bbox 559 2975 739 3059; x_wconf 85' lang='lat' dir='ltr'><strong>Evangeliis</strong></span> <span class='ocrx_word' id='word_1_209' title='bbox 750 2972 956 3038; x_wconf 65' lang='lat' dir='ltr'><strong>detraxerint·</strong></span> <span class='ocrx_word' id='word_1_210' title='bbox 967 2974 1034 3040; x_wconf 84' lang='lat' dir='ltr'><strong>Nee</strong></span> <span class='ocrx_word' id='word_1_211' title='bbox 1047 2972 1133 3039; x_wconf 81' lang='lat' dir='ltr'><strong>ullus</strong></span> <span class='ocrx_word' id='word_1_212' title='bbox 1145 2986 1255 3061; x_wconf 84' lang='lat' dir='ltr'><strong>postea</strong></span> <span class='ocrx_word' id='word_1_213' title='bbox 1267 2978 1417 3059; x_wconf 80' lang='lat' dir='ltr'><strong>surrexit,</strong></span> <span class='ocrx_word' id='word_1_214' title='bbox 1558 3056 1559 3065; x_wconf 8' lang='grc' dir='ltr'>ἵ</span> 
     </span>
     <span class='ocr_line' id='line_1_28' title="bbox 290 3077 1509 3166; baseline 0.002 -23"><span class='ocrx_word' id='word_1_215' title='bbox 290 3101 309 3143; x_wconf 86' lang='lat' dir='ltr'><strong>a</strong></span> <span class='ocrx_word' id='word_1_216' title='bbox 335 3079 450 3144; x_wconf 86' lang='lat' dir='ltr'><strong>saeculo</strong></span> <span class='ocrx_word' id='word_1_217' title='bbox 474 3078 517 3142; x_wconf 86' lang='lat' dir='ltr'><strong>IV</strong></span> <span class='ocrx_word' id='word_1_218' title='bbox 534 3077 576 3142; x_wconf 86' lang='lat' dir='ltr'><strong>ad</strong></span> <span class='ocrx_word' id='word_1_219' title='bbox 604 3077 701 3141; x_wconf 88' lang='lat' dir='ltr'><strong>finem</strong></span> <span class='ocrx_word' id='word_1_220' title='bbox 724 3096 826 3163; x_wconf 87' lang='lat' dir='ltr'><strong>usque</strong></span> <span class='ocrx_word' id='word_1_221' title='bbox 842 3078 948 3141; x_wconf 79' lang='lat' dir='ltr'><strong>saculi</strong></span> <span class='ocrx_word' id='word_1_222' title='bbox 969 3078 1070 3161; x_wconf 83' lang='lat' dir='ltr'><strong>xvn,</strong></span> <span class='ocrx_word' id='word_1_223' title='bbox 1091 3081 1146 3165; x_wconf 75' lang='lat' dir='ltr'><strong>qui</strong></span> <span class='ocrx_word' id='word_1_224' title='bbox 1170 3081 1419 3166; x_wconf 76' lang='lat' dir='ltr'><strong>Evangeiiurum</strong></span> <span class='ocrx_word' id='word_1_225' title='bbox 1505 3099 1509 3108; x_wconf 80' lang='grc'><em>’</em></span> 
     </span>
     <span class='ocr_line' id='line_1_29' title="bbox 291 3158 1559 3269; baseline 0 -23"><span class='ocrx_word' id='word_1_226' title='bbox 291 3182 511 3246; x_wconf 88' lang='lat' dir='ltr'><strong>auctoritatem</strong></span> <span class='ocrx_word' id='word_1_227' title='bbox 527 3202 664 3267; x_wconf 88' lang='lat' dir='ltr'><strong>eamque</strong></span> <span class='ocrx_word' id='word_1_228' title='bbox 679 3180 821 3245; x_wconf 75' lang='lat' dir='ltr'><strong>diuinam</strong></span> <span class='ocrx_word' id='word_1_229' title='bbox 845 3191 1020 3265; x_wconf 82' lang='lat' dir='ltr'><strong>recnsaret,</strong></span> <span class='ocrx_word' id='word_1_230' title='bbox 1034 3180 1138 3247; x_wconf 87' lang='lat' dir='ltr'><strong>donee</strong></span> <span class='ocrx_word' id='word_1_231' title='bbox 1161 3184 1341 3269; x_wconf 84' lang='lat' dir='ltr'><strong>philosopin&#39;</strong></span> <span class='ocrx_word' id='word_1_232' title='bbox 1364 3183 1418 3247; x_wconf 83' lang='lat' dir='ltr'><strong>in·</strong></span> <span class='ocrx_word' id='word_1_233' title='bbox 1558 3158 1559 3179; x_wconf 14' lang='grc' dir='ltr'><strong>Χ</strong></span> 
     </span>
    </p>
   </div>
   <div class='ocr_carea' id='block_1_8' title="bbox 231 3429 1418 4412">
    <p class='ocr_par' dir='ltr' id='par_1_11' title="bbox 231 3429 1418 4238">
     <span class='ocr_line' id='line_1_30' title="bbox 323 3429 1418 3500; baseline 0 -14"><span class='ocrx_word' id='word_1_234' title='bbox 323 3436 358 3500; x_wconf 85' lang='lat' dir='ltr'><strong>(t)</strong></span> <span class='ocrx_word' id='word_1_235' title='bbox 373 3434 492 3496; x_wconf 81' lang='lat' dir='ltr'><strong>lrenaeus,</strong></span> <span class='ocrx_word' id='word_1_236' title='bbox 512 3433 612 3484; x_wconf 82' lang='lat' dir='ltr'><strong>Contra</strong></span> <span class='ocrx_word' id='word_1_237' title='bbox 628 3432 691 3482; x_wconf 84' lang='lat' dir='ltr'><strong>haer.</strong></span> <span class='ocrx_word' id='word_1_238' title='bbox 710 3431 730 3492; x_wconf 89' lang='grc' dir='ltr'><strong>Ι,</strong></span> <span class='ocrx_word' id='word_1_239' title='bbox 744 3430 841 3493; x_wconf 81' lang='lat' dir='ltr'><strong>xxvii,</strong></span> <span class='ocrx_word' id='word_1_240' title='bbox 858 3429 897 3482; x_wconf 62' lang='grc' dir='ltr'><strong>Ξῖ</strong></span> <span class='ocrx_word' id='word_1_241' title='bbox 920 3448 931 3479; x_wconf 78' lang='lat' dir='ltr'><strong>o</strong></span> <span class='ocrx_word' id='word_1_242' title='bbox 952 3431 1060 3483; x_wconf 75' lang='lat' dir='ltr'><strong>cardoni</strong></span> <span class='ocrx_word' id='word_1_243' title='bbox 1078 3433 1215 3484; x_wconf 84' lang='lat' dir='ltr'><strong>succedens</strong></span> <span class='ocrx_word' id='word_1_244' title='bbox 1232 3432 1371 3485; x_wconf 84' lang='lat' dir='ltr'><strong>llareion...</strong></span> <span class='ocrx_word' id='word_1_245' title='bbox 1390 3434 1418 3487; x_wconf 88' lang='lat' dir='ltr'><strong>id</strong></span> 
     </span>
     <span class='ocr_line' id='line_1_31' title="bbox 291 3514 1418 3584; baseline -0.002 -15"><span class='ocrx_word' id='word_1_246' title='bbox 291 3518 358 3584; x_wconf 87' lang='lat' dir='ltr'><strong>quod</strong></span> <span class='ocrx_word' id='word_1_247' title='bbox 373 3525 412 3568; x_wconf 89' lang='lat' dir='ltr'><strong>est</strong></span> <span class='ocrx_word' id='word_1_248' title='bbox 433 3517 572 3567; x_wconf 88' lang='lat' dir='ltr'><strong>seeundum</strong></span> <span class='ocrx_word' id='word_1_249' title='bbox 589 3515 682 3565; x_wconf 61' lang='lat' dir='ltr'><strong>lineam</strong></span> <span class='ocrx_word' id='word_1_250' title='bbox 705 3514 869 3578; x_wconf 80' lang='lat' dir='ltr'><strong>Evangeiium</strong></span> <span class='ocrx_word' id='word_1_251' title='bbox 885 3514 1077 3576; x_wconf 79' lang='lat' dir='ltr'><strong>cirurmddens,</strong></span> <span class='ocrx_word' id='word_1_252' title='bbox 1093 3521 1119 3564; x_wconf 84' lang='lat' dir='ltr'><strong>et</strong></span> <span class='ocrx_word' id='word_1_253' title='bbox 1133 3515 1216 3565; x_wconf 86' lang='lat' dir='ltr'><strong>omnia</strong></span> <span class='ocrx_word' id='word_1_254' title='bbox 1238 3528 1295 3579; x_wconf 85' lang='lat' dir='ltr'><strong>quae</strong></span> <span class='ocrx_word' id='word_1_255' title='bbox 1308 3522 1368 3566; x_wconf 85' lang='lat' dir='ltr'><strong>sunt</strong></span> <span class='ocrx_word' id='word_1_256' title='bbox 1384 3517 1418 3568; x_wconf 87' lang='lat' dir='ltr'><strong>de</strong></span> 
     </span>
     <span class='ocr_line' id='line_1_32' title="bbox 290 3593 1417 3666; baseline -0.004 -14"><span class='ocrx_word' id='word_1_257' title='bbox 290 3600 451 3666; x_wconf 80' lang='lat' dir='ltr'><strong>generatione</strong></span> <span class='ocrx_word' id='word_1_258' title='bbox 473 3599 572 3648; x_wconf 81' lang='lat' dir='ltr'><strong>Domini</strong></span> <span class='ocrx_word' id='word_1_259' title='bbox 596 3597 737 3659; x_wconf 82' lang='lat' dir='ltr'><strong>conscripta</strong></span> <span class='ocrx_word' id='word_1_260' title='bbox 761 3595 888 3658; x_wconf 81' lang='lat' dir='ltr'><strong>auferens,</strong></span> <span class='ocrx_word' id='word_1_261' title='bbox 903 3602 931 3646; x_wconf 89' lang='lat' dir='ltr'><strong>et</strong></span> <span class='ocrx_word' id='word_1_262' title='bbox 957 3597 990 3647; x_wconf 89' lang='lat' dir='ltr'><strong>de</strong></span> <span class='ocrx_word' id='word_1_263' title='bbox 1015 3595 1130 3647; x_wconf 82' lang='lat' dir='ltr'><strong>doctrina</strong></span> <span class='ocrx_word' id='word_1_264' title='bbox 1153 3606 1297 3649; x_wconf 55' lang='lat' dir='ltr'><strong>armanum</strong></span> <span class='ocrx_word' id='word_1_265' title='bbox 1316 3593 1417 3648; x_wconf 72' lang='lat' dir='ltr'><strong>domim</strong></span> 
     </span>
     <span class='ocr_line' id='line_1_33' title="bbox 290 3677 1417 3744; baseline -0.002 -10"><span class='ocrx_word' id='word_1_266' title='bbox 290 3682 369 3734; x_wconf 84' lang='lat' dir='ltr'><strong>muita</strong></span> <span class='ocrx_word' id='word_1_267' title='bbox 379 3680 506 3738; x_wconf 70' lang='lat' dir='ltr'><strong>soluens,</strong></span> <span class='ocrx_word' id='word_1_268' title='bbox 523 3681 549 3729; x_wconf 88' lang='lat' dir='ltr'><strong>in</strong></span> <span class='ocrx_word' id='word_1_269' title='bbox 564 3680 658 3743; x_wconf 79' lang='lat' dir='ltr'><strong>quihus</strong></span> <span class='ocrx_word' id='word_1_270' title='bbox 672 3677 876 3729; x_wconf 77' lang='lat' dir='ltr'><strong>manifestissime</strong></span> <span class='ocrx_word' id='word_1_271' title='bbox 893 3679 1050 3729; x_wconf 87' lang='lat' dir='ltr'><strong>conditorem</strong></span> <span class='ocrx_word' id='word_1_272' title='bbox 1064 3679 1143 3744; x_wconf 88' lang='lat' dir='ltr'><strong>hujus</strong></span> <span class='ocrx_word' id='word_1_273' title='bbox 1156 3679 1328 3731; x_wconf 77' lang='lat' dir='ltr'><strong>universitatis</strong></span> <span class='ocrx_word' id='word_1_274' title='bbox 1340 3693 1417 3732; x_wconf 67' lang='lat' dir='ltr'><strong>mum</strong></span> 
     </span>
     <span class='ocr_line' id='line_1_34' title="bbox 290 3762 1417 3828; baseline -0.002 -10"><span class='ocrx_word' id='word_1_275' title='bbox 290 3769 391 3818; x_wconf 88' lang='lat' dir='ltr'><strong>Patrem</strong></span> <span class='ocrx_word' id='word_1_276' title='bbox 405 3763 527 3814; x_wconf 83' lang='lat' dir='ltr'><strong>confitens</strong></span> <span class='ocrx_word' id='word_1_277' title='bbox 540 3764 661 3813; x_wconf 87' lang='lat' dir='ltr'><strong>iiomiuus</strong></span> <span class='ocrx_word' id='word_1_278' title='bbox 675 3762 833 3825; x_wconf 79' lang='lat' dir='ltr'><strong>conscriptus</strong></span> <span class='ocrx_word' id='word_1_279' title='bbox 846 3770 894 3824; x_wconf 63' lang='lat' dir='ltr'><strong>ese</strong></span> <span class='ocrx_word' id='word_1_280' title='bbox 911 3763 1076 3826; x_wconf 82' lang='lat' dir='ltr'><strong>semetipsum</strong></span> <span class='ocrx_word' id='word_1_281' title='bbox 1094 3776 1150 3815; x_wconf 84' lang='lat' dir='ltr'><strong>esse</strong></span> <span class='ocrx_word' id='word_1_282' title='bbox 1165 3764 1328 3824; x_wconf 80' lang='lat' dir='ltr'><strong>veraciorem,</strong></span> <span class='ocrx_word' id='word_1_283' title='bbox 1339 3778 1417 3828; x_wconf 84' lang='lat' dir='ltr'><strong>quarn</strong></span> 
     </span>
     <span class='ocr_line' id='line_1_35' title="bbox 290 3844 1418 3913; baseline -0.003 -11"><span class='ocrx_word' id='word_1_284' title='bbox 290 3852 394 3912; x_wconf 77' lang='lat' dir='ltr'><strong>enethi,</strong></span> <span class='ocrx_word' id='word_1_285' title='bbox 406 3851 451 3913; x_wconf 88' lang='lat' dir='ltr'><strong>qui</strong></span> <span class='ocrx_word' id='word_1_286' title='bbox 460 3848 624 3911; x_wconf 79' lang='lat' dir='ltr'><strong>Evangelium</strong></span> <span class='ocrx_word' id='word_1_287' title='bbox 635 3846 804 3907; x_wconf 77' lang='lat' dir='ltr'><strong>tradiderunt,</strong></span> <span class='ocrx_word' id='word_1_288' title='bbox 816 3845 938 3909; x_wconf 76' lang='lat' dir='ltr'><strong>Apostoli,</strong></span> <span class='ocrx_word' id='word_1_289' title='bbox 947 3845 1027 3897; x_wconf 76' lang='lat' dir='ltr'><strong>suasit</strong></span> <span class='ocrx_word' id='word_1_290' title='bbox 1040 3846 1171 3909; x_wconf 84' lang='lat' dir='ltr'><strong>discipulis</strong></span> <span class='ocrx_word' id='word_1_291' title='bbox 1182 3846 1236 3897; x_wconf 88' lang='lat' dir='ltr'><strong>suis</strong></span> <span class='ocrx_word' id='word_1_292' title='bbox 1247 3884 1256 3909; x_wconf 87' lang='lat'>‚</span> <span class='ocrx_word' id='word_1_293' title='bbox 1266 3859 1322 3897; x_wconf 90' lang='lat' dir='ltr'><strong>non</strong></span> <span class='ocrx_word' id='word_1_294' title='bbox 1331 3844 1418 3899; x_wconf 76' lang='lat' dir='ltr'><strong>Eran-</strong></span> 
     </span>
     <span class='ocr_line' id='line_1_36' title="bbox 290 3928 1417 3998; baseline -0.003 -14"><span class='ocrx_word' id='word_1_295' title='bbox 290 3936 394 3998; x_wconf 82' lang='lat' dir='ltr'><strong>getium,</strong></span> <span class='ocrx_word' id='word_1_296' title='bbox 405 3935 449 3984; x_wconf 85' lang='lat' dir='ltr'><strong>sed</strong></span> <span class='ocrx_word' id='word_1_297' title='bbox 465 3931 613 3995; x_wconf 86' lang='lat' dir='ltr'><strong>particulam</strong></span> <span class='ocrx_word' id='word_1_298' title='bbox 629 3928 757 3992; x_wconf 77' lang='lat' dir='ltr'><strong>Evangelii</strong></span> <span class='ocrx_word' id='word_1_299' title='bbox 769 3928 871 3979; x_wconf 82' lang='lat' dir='ltr'><strong>tradens</strong></span> <span class='ocrx_word' id='word_1_300' title='bbox 887 3929 932 3978; x_wconf 86' lang='lat' dir='ltr'><strong>eis.</strong></span> <span class='ocrx_word' id='word_1_301' title='bbox 947 3946 958 3976; x_wconf 76' lang='lat' dir='ltr'><strong>r</strong></span> <span class='ocrx_word' id='word_1_302' title='bbox 973 3928 1025 3979; x_wconf 81' lang='lat' dir='ltr'><strong>Cir.</strong></span> <span class='ocrx_word' id='word_1_303' title='bbox 1040 3928 1142 3980; x_wconf 71' lang='lat' dir='ltr'><strong>Contra</strong></span> <span class='ocrx_word' id='word_1_304' title='bbox 1155 3929 1217 3979; x_wconf 81' lang='lat' dir='ltr'><strong>hoer.</strong></span> <span class='ocrx_word' id='word_1_305' title='bbox 1231 3928 1273 3990; x_wconf 90' lang='lat' dir='ltr'><strong>lii,</strong></span> <span class='ocrx_word' id='word_1_306' title='bbox 1286 3930 1329 3992; x_wconf 85' lang='lat' dir='ltr'><strong>xi,</strong></span> <span class='ocrx_word' id='word_1_307' title='bbox 1343 3931 1368 3991; x_wconf 88' lang='grc'><strong>7,</strong></span> <span class='ocrx_word' id='word_1_308' title='bbox 1382 3930 1417 3991; x_wconf 80' lang='grc'><strong>9;</strong></span> 
     </span>
     <span class='ocr_line' id='line_1_37' title="bbox 231 4003 1418 4075; baseline -0.002 -11"><span class='ocrx_word' id='word_1_309' title='bbox 231 4003 235 4011; x_wconf 85' lang='grc'><strong>’</strong></span> <span class='ocrx_word' id='word_1_310' title='bbox 290 4023 315 4065; x_wconf 85' lang='lat' dir='ltr'><strong>et</strong></span> <span class='ocrx_word' id='word_1_311' title='bbox 329 4013 392 4075; x_wconf 85' lang='lat' dir='ltr'><strong>iiiii,</strong></span> <span class='ocrx_word' id='word_1_312' title='bbox 406 4011 663 4074; x_wconf 77' lang='lat' dir='ltr'><strong>l,t1.Tertuil.,De</strong></span> <span class='ocrx_word' id='word_1_313' title='bbox 675 4010 825 4074; x_wconf 79' lang='lat' dir='ltr'><strong>proesoript</strong></span> <span class='ocrx_word' id='word_1_314' title='bbox 839 4010 874 4059; x_wconf 69' lang='lat' dir='ltr'><strong>viii</strong></span> <span class='ocrx_word' id='word_1_315' title='bbox 885 4016 912 4059; x_wconf 81' lang='lat' dir='ltr'><strong>ei</strong></span> <span class='ocrx_word' id='word_1_316' title='bbox 926 4010 954 4059; x_wconf 80' lang='lat' dir='ltr'><strong>sl</strong></span> <span class='ocrx_word' id='word_1_317' title='bbox 970 4023 977 4060; x_wconf 73' lang='grc' dir='ltr'>ι</span> <span class='ocrx_word' id='word_1_318' title='bbox 991 4026 1003 4055; x_wconf 77' lang='lat' dir='ltr'><strong>a</strong></span> <span class='ocrx_word' id='word_1_319' title='bbox 1017 4009 1134 4070; x_wconf 72' lang='lat' dir='ltr'><strong>tirmior,</strong></span> <span class='ocrx_word' id='word_1_320' title='bbox 1148 4010 1270 4061; x_wconf 74' lang='lat' dir='ltr'><strong>Cerdonis</strong></span> <span class='ocrx_word' id='word_1_321' title='bbox 1284 4011 1365 4062; x_wconf 77' lang='lat' dir='ltr'><strong>mstar</strong></span> <span class='ocrx_word' id='word_1_322' title='bbox 1375 4014 1418 4062; x_wconf 83' lang='lat' dir='ltr'><strong>sui</strong></span> 
     </span>
     <span class='ocr_line' id='line_1_38' title="bbox 290 4092 1417 4159; baseline 0.002 -15"><span class='ocrx_word' id='word_1_323' title='bbox 290 4096 413 4159; x_wconf 74' lang='lat' dir='ltr'><strong>magistri,</strong></span> <span class='ocrx_word' id='word_1_324' title='bbox 425 4096 506 4145; x_wconf 85' lang='lat' dir='ltr'><strong>sotum</strong></span> <span class='ocrx_word' id='word_1_325' title='bbox 518 4095 593 4145; x_wconf 87' lang='lat' dir='ltr'><strong>Lucae</strong></span> <span class='ocrx_word' id='word_1_326' title='bbox 605 4092 778 4157; x_wconf 73' lang='lat' dir='ltr'><strong>Evangelium,</strong></span> <span class='ocrx_word' id='word_1_327' title='bbox 793 4105 840 4143; x_wconf 88' lang='lat' dir='ltr'><strong>uec</strong></span> <span class='ocrx_word' id='word_1_328' title='bbox 850 4099 935 4145; x_wconf 80' lang='lat' dir='ltr'><strong>tamen</strong></span> <span class='ocrx_word' id='word_1_329' title='bbox 948 4099 1032 4144; x_wconf 81' lang='lat' dir='ltr'><strong>tetum</strong></span> <span class='ocrx_word' id='word_1_330' title='bbox 1047 4095 1152 4157; x_wconf 84' lang='lat' dir='ltr'><strong>recepit.</strong></span> <span class='ocrx_word' id='word_1_331' title='bbox 1168 4092 1244 4145; x_wconf 77' lang='lat' dir='ltr'><strong>icti.</strong></span> <span class='ocrx_word' id='word_1_332' title='bbox 1264 4095 1341 4145; x_wconf 70' lang='lat' dir='ltr'><strong>ethni</strong></span> <span class='ocrx_word' id='word_1_333' title='bbox 1351 4099 1417 4146; x_wconf 76' lang='lat' dir='ltr'><strong>odo.</strong></span> 
     </span>
     <span class='ocr_line' id='line_1_39' title="bbox 290 4173 829 4238; baseline -0.002 -13"><span class='ocrx_word' id='word_1_334' title='bbox 290 4176 419 4236; x_wconf 73' lang='lat' dir='ltr'><strong>Marcion,</strong></span> <span class='ocrx_word' id='word_1_335' title='bbox 433 4174 473 4238; x_wconf 86' lang='lat' dir='ltr'><strong>iv3</strong></span> <span class='ocrx_word' id='word_1_336' title='bbox 487 4176 651 4238; x_wconf 79' lang='lat' dir='ltr'><strong>Epiphanius,</strong></span> <span class='ocrx_word' id='word_1_337' title='bbox 667 4174 739 4226; x_wconf 81' lang='lat' dir='ltr'><strong>iioer.</strong></span> <span class='ocrx_word' id='word_1_338' title='bbox 756 4173 829 4224; x_wconf 73' lang='lat' dir='ltr'><strong>xiii.</strong></span> 
     </span>
    </p>

    <p class='ocr_par' dir='ltr' id='par_1_12' title="bbox 322 4256 1268 4320">
     <span class='ocr_line' id='line_1_40' title="bbox 322 4256 1268 4320; baseline 0.003 -16"><span class='ocrx_word' id='word_1_339' title='bbox 322 4257 357 4319; x_wconf 52' lang='grc' dir='ltr'><strong>(ᾖ)</strong></span> <span class='ocrx_word' id='word_1_340' title='bbox 369 4256 486 4319; x_wconf 83' lang='lat' dir='ltr'><strong>trenaeus,</strong></span> <span class='ocrx_word' id='word_1_341' title='bbox 500 4257 597 4307; x_wconf 85' lang='lat' dir='ltr'><strong>Contra</strong></span> <span class='ocrx_word' id='word_1_342' title='bbox 613 4258 696 4316; x_wconf 84' lang='lat' dir='ltr'><strong>hoer.,·</strong></span> <span class='ocrx_word' id='word_1_343' title='bbox 710 4275 785 4308; x_wconf 63' lang='lat' dir='ltr'><strong>nanas</strong></span> <span class='ocrx_word' id='word_1_344' title='bbox 804 4271 884 4320; x_wconf 53' lang='lat' dir='ltr'><strong>eoem</strong></span> <span class='ocrx_word' id='word_1_345' title='bbox 900 4256 1066 4320; x_wconf 79' lang='lat' dir='ltr'><strong>Epiphanius,</strong></span> <span class='ocrx_word' id='word_1_346' title='bbox 1082 4261 1150 4308; x_wconf 71' lang='lat' dir='ltr'><strong>Hoer.</strong></span> <span class='ocrx_word' id='word_1_347' title='bbox 1164 4256 1268 4318; x_wconf 73' lang='grc'><strong>[1,5-4.</strong></span> 
     </span>
    </p>

    <p class='ocr_par' dir='ltr' id='par_1_13' title="bbox 323 4337 1416 4412">
     <span class='ocr_line' id='line_1_41' title="bbox 323 4337 1416 4412; baseline 0.004 -25"><span class='ocrx_word' id='word_1_348' title='bbox 323 4338 359 4401; x_wconf 75' lang='grc' dir='ltr'><strong>(ὅ)</strong></span> <span class='ocrx_word' id='word_1_349' title='bbox 372 4338 601 4390; x_wconf 79' lang='lat' dir='ltr'><strong>ContraFoustom</strong></span> <span class='ocrx_word' id='word_1_350' title='bbox 613 4337 687 4400; x_wconf 85' lang='lat' dir='ltr'><strong>xxti,</strong></span> <span class='ocrx_word' id='word_1_351' title='bbox 701 4339 741 4400; x_wconf 72' lang='lat'><strong>153</strong></span> <span class='ocrx_word' id='word_1_352' title='bbox 752 4339 847 4403; x_wconf 83' lang='lat' dir='ltr'><strong>xxxii,</strong></span> <span class='ocrx_word' id='word_1_353' title='bbox 857 4339 883 4392; x_wconf 69' lang='lat'><strong>2.</strong></span> <span class='ocrx_word' id='word_1_354' title='bbox 897 4340 949 4391; x_wconf 83' lang='lat' dir='ltr'><strong>Cir.</strong></span> <span class='ocrx_word' id='word_1_355' title='bbox 962 4339 1039 4390; x_wconf 83' lang='lat' dir='ltr'><strong>etiarn</strong></span> <span class='ocrx_word' id='word_1_356' title='bbox 1051 4339 1083 4412; x_wconf 83' lang='lat' dir='ltr'><strong>ii,</strong></span> <span class='ocrx_word' id='word_1_357' title='bbox 1094 4341 1119 4403; x_wconf 74' lang='grc'><strong>3;</strong></span> <span class='ocrx_word' id='word_1_358' title='bbox 1131 4338 1175 4402; x_wconf 85' lang='lat' dir='ltr'><strong>lli,</strong></span> <span class='ocrx_word' id='word_1_359' title='bbox 1186 4338 1211 4403; x_wconf 69' lang='lat'><strong>23</strong></span> <span class='ocrx_word' id='word_1_360' title='bbox 1221 4337 1298 4401; x_wconf 81' lang='lat' dir='ltr'><strong>iiiiii,</strong></span> <span class='ocrx_word' id='word_1_361' title='bbox 1310 4338 1350 4405; x_wconf 54' lang='lat' dir='ltr'><strong>is,</strong></span> <span class='ocrx_word' id='word_1_362' title='bbox 1360 4346 1416 4391; x_wconf 78' lang='lat' dir='ltr'><strong>ete.</strong></span> 
     </span>
    </p>
   </div>
   <div class='ocr_carea' id='block_1_9' title="bbox 0 0 1588 4958">
    <p class='ocr_par' dir='ltr' id='par_1_14' title="bbox 0 0 1588 4958">
     <span class='ocr_line' id='line_1_42' title="bbox 0 0 1588 4958; baseline 0 0"><span class='ocrx_word' id='word_1_363' title='bbox 0 0 1588 4958; x_wconf 95' lang='lat' dir='ltr'><strong> </strong></span> 
     </span>
    </p>
   </div>
  </div>
 </body>
</html>
