<?xml version="1.0" encoding="UTF-8"?>
<!DOCTYPE html PUBLIC "-//W3C//DTD XHTML 1.0 Transitional//EN"
    "http://www.w3.org/TR/xhtml1/DTD/xhtml1-transitional.dtd">
<html xmlns="http://www.w3.org/1999/xhtml" xml:lang="en" lang="en">
 <head>
  <title>
</title>
<meta http-equiv="Content-Type" content="text/html;charset=utf-8" />
  <meta name='ocr-system' content='tesseract 3.04.00' />
  <meta name='ocr-capabilities' content='ocr_page ocr_carea ocr_par ocr_line ocrx_word'/>
</head>
<body>
  <div class='ocr_page' id='page_1' title='image "./introductioinsa00lamygoog/introductioinsa00lamygoog_0048.png"; bbox 0 0 3142 4964; ppageno 0'>
   <div class='ocr_carea' id='block_1_1' title="bbox 453 325 1299 388">
    <p class='ocr_par' dir='ltr' id='par_1_1' title="bbox 453 325 1299 388">
     <span class='ocr_line' id='line_1_1' title="bbox 453 325 1299 388; baseline 0.002 -4"><span class='ocrx_word' id='word_1_1' title='bbox 453 343 528 384; x_wconf 76' lang='lat' dir='ltr'><strong>rans</strong></span> <span class='ocrx_word' id='word_1_2' title='bbox 541 344 564 386; x_wconf 93' lang='lat'><strong>1.</strong></span> <span class='ocrx_word' id='word_1_3' title='bbox 580 343 675 385; x_wconf 75' lang='lat' dir='ltr'><strong>canor</strong></span> <span class='ocrx_word' id='word_1_4' title='bbox 690 345 712 385; x_wconf 89' lang='lat' dir='ltr'><strong>r.</strong></span> <span class='ocrx_word' id='word_1_5' title='bbox 732 343 770 384; x_wconf 83' lang='lat' dir='ltr'><strong>na</strong></span> <span class='ocrx_word' id='word_1_6' title='bbox 783 342 1006 385; x_wconf 78' lang='lat' dir='ltr'><strong>rnnrsrnnuuo.</strong></span> <span class='ocrx_word' id='word_1_7' title='bbox 1257 325 1299 388; x_wconf 76' lang='lat'><strong>57</strong></span> 
     </span>
    </p>
   </div>
   <div class='ocr_carea' id='block_1_2' title="bbox 164 438 1303 936">
    <p class='ocr_par' dir='ltr' id='par_1_2' title="bbox 164 438 1303 936">
     <span class='ocr_line' id='line_1_2' title="bbox 165 438 1301 528; baseline 0.004 -27"><span class='ocrx_word' id='word_1_8' title='bbox 165 448 280 503; x_wconf 88' lang='lat' dir='ltr'><strong>contra</strong></span> <span class='ocrx_word' id='word_1_9' title='bbox 299 438 461 504; x_wconf 80' lang='lat' dir='ltr'><strong>dictamen</strong></span> <span class='ocrx_word' id='word_1_10' title='bbox 478 463 562 505; x_wconf 78' lang='lat' dir='ltr'><strong>sana</strong></span> <span class='ocrx_word' id='word_1_11' title='bbox 575 443 708 506; x_wconf 89' lang='lat' dir='ltr'><strong>rationis</strong></span> <span class='ocrx_word' id='word_1_12' title='bbox 724 453 904 528; x_wconf 78' lang='lat' dir='ltr'><strong>pugnaret3</strong></span> <span class='ocrx_word' id='word_1_13' title='bbox 922 444 1002 506; x_wconf 90' lang='lat' dir='ltr'><strong>ratio</strong></span> <span class='ocrx_word' id='word_1_14' title='bbox 1020 442 1106 505; x_wconf 92' lang='lat' dir='ltr'><strong>enim</strong></span> <span class='ocrx_word' id='word_1_15' title='bbox 1113 441 1208 528; x_wconf 88' lang='lat' dir='ltr'><strong>jubet</strong></span> <span class='ocrx_word' id='word_1_16' title='bbox 1225 452 1301 507; x_wconf 90' lang='lat' dir='ltr'><strong>tan-</strong></span> 
     </span>
     <span class='ocr_line' id='line_1_3' title="bbox 164 545 1301 631; baseline 0.004 -25"><span class='ocrx_word' id='word_1_17' title='bbox 164 558 268 628; x_wconf 82' lang='lat' dir='ltr'><strong>quam</strong></span> <span class='ocrx_word' id='word_1_18' title='bbox 290 564 402 606; x_wconf 89' lang='lat' dir='ltr'><strong>veram</strong></span> <span class='ocrx_word' id='word_1_19' title='bbox 420 546 564 629; x_wconf 91' lang='lat' dir='ltr'><strong>recipere</strong></span> <span class='ocrx_word' id='word_1_20' title='bbox 580 545 797 610; x_wconf 81' lang='lat' dir='ltr'>narrationem</span> <span class='ocrx_word' id='word_1_21' title='bbox 811 566 1054 631; x_wconf 90' lang='lat' dir='ltr'><strong>quamcumque</strong></span> <span class='ocrx_word' id='word_1_22' title='bbox 1070 545 1187 610; x_wconf 90' lang='lat' dir='ltr'><strong>talibus</strong></span> <span class='ocrx_word' id='word_1_23' title='bbox 1200 566 1301 631; x_wconf 79' lang='lat' dir='ltr'><strong>argu-</strong></span> 
     </span>
     <span class='ocr_line' id='line_1_4' title="bbox 167 643 1302 741; baseline 0.003 -34"><span class='ocrx_word' id='word_1_24' title='bbox 167 647 286 708; x_wconf 81' lang='lat' dir='ltr'><strong>mentis</strong></span> <span class='ocrx_word' id='word_1_25' title='bbox 321 643 495 709; x_wconf 88' lang='lat' dir='ltr'><strong>suffultam.</strong></span> <span class='ocrx_word' id='word_1_26' title='bbox 521 648 622 711; x_wconf 90' lang='lat' dir='ltr'><strong>Porro</strong></span> <span class='ocrx_word' id='word_1_27' title='bbox 645 649 775 741; x_wconf 84' lang='lat' dir='ltr'><strong>scientia</strong></span> <span class='ocrx_word' id='word_1_28' title='bbox 806 648 995 733; x_wconf 80' lang='lat' dir='ltr'><strong>geologica,</strong></span> <span class='ocrx_word' id='word_1_29' title='bbox 1026 646 1302 732; x_wconf 80' lang='lat' dir='ltr'><strong>quemadmodum</strong></span> 
     </span>
     <span class='ocr_line' id='line_1_5' title="bbox 170 742 1303 835; baseline 0.002 -25"><span class='ocrx_word' id='word_1_30' title='bbox 170 748 350 832; x_wconf 80' lang='lat' dir='ltr'><strong>generatim</strong></span> <span class='ocrx_word' id='word_1_31' title='bbox 362 749 500 812; x_wconf 81' lang='lat' dir='ltr'><strong>scientiae</strong></span> <span class='ocrx_word' id='word_1_32' title='bbox 513 751 685 833; x_wconf 78' lang='lat' dir='ltr'><strong>naturales,</strong></span> <span class='ocrx_word' id='word_1_33' title='bbox 703 747 820 814; x_wconf 60' lang='lat' dir='ltr'><strong>natura</strong></span> <span class='ocrx_word' id='word_1_34' title='bbox 832 742 890 814; x_wconf 67' lang='lat' dir='ltr'><strong>sud</strong></span> <span class='ocrx_word' id='word_1_35' title='bbox 900 748 1063 813; x_wconf 88' lang='lat' dir='ltr'><strong>mutabilis</strong></span> <span class='ocrx_word' id='word_1_36' title='bbox 1076 759 1107 813; x_wconf 92' lang='lat' dir='ltr'><strong>et</strong></span> <span class='ocrx_word' id='word_1_37' title='bbox 1122 749 1303 835; x_wconf 83' lang='lat' dir='ltr'><strong>perfectibi-</strong></span> 
     </span>
     <span class='ocr_line' id='line_1_6' title="bbox 170 850 1302 936; baseline 0.002 -24"><span class='ocrx_word' id='word_1_38' title='bbox 170 850 209 913; x_wconf 89' lang='lat' dir='ltr'><strong>lis</strong></span> <span class='ocrx_word' id='word_1_39' title='bbox 225 859 273 912; x_wconf 90' lang='lat' dir='ltr'><strong>est</strong></span> <span class='ocrx_word' id='word_1_40' title='bbox 287 873 296 931; x_wconf 91' lang='lat'>;</span> <span class='ocrx_word' id='word_1_41' title='bbox 311 852 507 934; x_wconf 82' lang='lat' dir='ltr'><strong>experientia</strong></span> <span class='ocrx_word' id='word_1_42' title='bbox 520 860 552 915; x_wconf 91' lang='lat' dir='ltr'><strong>et</strong></span> <span class='ocrx_word' id='word_1_43' title='bbox 564 852 785 919; x_wconf 83' lang='lat' dir='ltr'><strong>observatione</strong></span> <span class='ocrx_word' id='word_1_44' title='bbox 797 852 956 916; x_wconf 87' lang='lat' dir='ltr'><strong>factorum</strong></span> <span class='ocrx_word' id='word_1_45' title='bbox 968 851 1209 935; x_wconf 84' lang='lat' dir='ltr'><strong>particularium</strong></span> <span class='ocrx_word' id='word_1_46' title='bbox 1221 872 1302 936; x_wconf 91' lang='lat' dir='ltr'><strong>pro-</strong></span> 
     </span>
    </p>
   </div>
   <div class='ocr_carea' id='block_1_3' title="bbox 171 950 1416 1145">
    <p class='ocr_par' dir='ltr' id='par_1_3' title="bbox 171 950 1416 1145">
     <span class='ocr_line' id='line_1_7' title="bbox 171 950 1416 1038; baseline 0.001 -23"><span class='ocrx_word' id='word_1_47' title='bbox 171 950 342 1037; x_wconf 80' lang='lat' dir='ltr'><strong>greditnr3</strong></span> <span class='ocrx_word' id='word_1_48' title='bbox 365 953 593 1037; x_wconf 85' lang='lat' dir='ltr'><strong>hypothesibus</strong></span> <span class='ocrx_word' id='word_1_49' title='bbox 616 954 736 1018; x_wconf 90' lang='lat' dir='ltr'><strong>nititur.</strong></span> <span class='ocrx_word' id='word_1_50' title='bbox 763 955 864 1038; x_wconf 80' lang='lat' dir='ltr'><strong>Igitur</strong></span> <span class='ocrx_word' id='word_1_51' title='bbox 887 962 1001 1017; x_wconf 89' lang='lat' dir='ltr'><strong>natura</strong></span> <span class='ocrx_word' id='word_1_52' title='bbox 1026 975 1082 1017; x_wconf 92' lang='lat' dir='ltr'><strong>sua</strong></span> <span class='ocrx_word' id='word_1_53' title='bbox 1109 953 1180 1017; x_wconf 89' lang='lat' dir='ltr'><strong>talis</strong></span> <span class='ocrx_word' id='word_1_54' title='bbox 1202 962 1249 1017; x_wconf 90' lang='lat' dir='ltr'><strong>est</strong></span> <span class='ocrx_word' id='word_1_55' title='bbox 1267 963 1303 1018; x_wconf 94' lang='lat' dir='ltr'><strong>ut</strong></span> <span class='ocrx_word' id='word_1_56' title='bbox 1412 1014 1416 1037; x_wconf 62' lang='lat'><strong>,</strong></span> 
     </span>
     <span class='ocr_line' id='line_1_8' title="bbox 173 1043 1413 1145; baseline 0.001 -26"><span class='ocrx_word' id='word_1_57' title='bbox 173 1076 352 1140; x_wconf 89' lang='lat' dir='ltr'><strong>numquam</strong></span> <span class='ocrx_word' id='word_1_58' title='bbox 378 1058 484 1120; x_wconf 86' lang='lat' dir='ltr'><strong>valeat</strong></span> <span class='ocrx_word' id='word_1_59' title='bbox 511 1067 652 1122; x_wconf 88' lang='lat' dir='ltr'><strong>evertere</strong></span> <span class='ocrx_word' id='word_1_60' title='bbox 679 1065 868 1141; x_wconf 77' lang='lat' dir='ltr'><strong>argumenta</strong></span> <span class='ocrx_word' id='word_1_61' title='bbox 888 1056 1035 1120; x_wconf 91' lang='lat' dir='ltr'><strong>historica</strong></span> <span class='ocrx_word' id='word_1_62' title='bbox 1060 1043 1169 1145; x_wconf 68' lang='lat' dir='ltr'><strong>certa]</strong></span> <span class='ocrx_word' id='word_1_63' title='bbox 1180 1055 1299 1137; x_wconf 85' lang='lat' dir='ltr'><strong>Quare,</strong></span> <span class='ocrx_word' id='word_1_64' title='bbox 1362 1059 1367 1068; x_wconf 90' lang='lat'>&#39;</span> <span class='ocrx_word' id='word_1_65' title='bbox 1410 1046 1413 1057; x_wconf 77' lang='grc'><strong>’</strong></span> 
     </span>
    </p>
   </div>
   <div class='ocr_carea' id='block_1_4' title="bbox 92 1157 1362 3093">
    <p class='ocr_par' dir='ltr' id='par_1_4' title="bbox 155 1157 1306 2272">
     <span class='ocr_line' id='line_1_9' title="bbox 173 1157 1303 1245; baseline 0 -23"><span class='ocrx_word' id='word_1_66' title='bbox 173 1160 295 1223; x_wconf 84' lang='lat' dir='ltr'><strong>etiamsi</strong></span> <span class='ocrx_word' id='word_1_67' title='bbox 313 1160 443 1224; x_wconf 88' lang='lat' dir='ltr'><strong>scientia</strong></span> <span class='ocrx_word' id='word_1_68' title='bbox 455 1161 620 1245; x_wconf 78' lang='lat' dir='ltr'><strong>geologica</strong></span> <span class='ocrx_word' id='word_1_69' title='bbox 633 1161 730 1245; x_wconf 76' lang='lat' dir='ltr'><strong>Moysi</strong></span> <span class='ocrx_word' id='word_1_70' title='bbox 748 1159 906 1223; x_wconf 89' lang='lat' dir='ltr'><strong>contraria</strong></span> <span class='ocrx_word' id='word_1_71' title='bbox 922 1158 1094 1241; x_wconf 84' lang='lat' dir='ltr'><strong>videretur,</strong></span> <span class='ocrx_word' id='word_1_72' title='bbox 1109 1157 1224 1223; x_wconf 84' lang='lat' dir='ltr'><strong>exinde</strong></span> <span class='ocrx_word' id='word_1_73' title='bbox 1241 1180 1303 1223; x_wconf 84' lang='lat' dir='ltr'><strong>ne-</strong></span> 
     </span>
     <span class='ocr_line' id='line_1_10' title="bbox 174 1259 1304 1347; baseline 0 -24"><span class='ocrx_word' id='word_1_74' title='bbox 174 1281 339 1346; x_wconf 87' lang='lat' dir='ltr'><strong>quaqnam</strong></span> <span class='ocrx_word' id='word_1_75' title='bbox 355 1260 604 1325; x_wconf 84' lang='lat' dir='ltr'><strong>labefactaretur</strong></span> <span class='ocrx_word' id='word_1_76' title='bbox 615 1260 684 1347; x_wconf 91' lang='lat' dir='ltr'><strong>ejus</strong></span> <span class='ocrx_word' id='word_1_77' title='bbox 696 1261 879 1343; x_wconf 75' lang='lat' dir='ltr'><strong>auctoritas,</strong></span> <span class='ocrx_word' id='word_1_78' title='bbox 897 1259 980 1324; x_wconf 90' lang='lat' dir='ltr'><strong>bene</strong></span> <span class='ocrx_word' id='word_1_79' title='bbox 992 1281 1069 1324; x_wconf 83' lang='lat' dir='ltr'><strong>vero</strong></span> <span class='ocrx_word' id='word_1_80' title='bbox 1082 1259 1304 1324; x_wconf 88' lang='lat' dir='ltr'><strong>desumeretur</strong></span> 
     </span>
     <span class='ocr_line' id='line_1_11' title="bbox 174 1361 1302 1450; baseline 0 -24"><span class='ocrx_word' id='word_1_81' title='bbox 174 1361 328 1427; x_wconf 93' lang='lat' dir='ltr'><strong>indicium</strong></span> <span class='ocrx_word' id='word_1_82' title='bbox 344 1364 454 1450; x_wconf 91' lang='lat' dir='ltr'><strong>aliquo</strong></span> <span class='ocrx_word' id='word_1_83' title='bbox 473 1363 580 1428; x_wconf 93' lang='lat' dir='ltr'><strong>adhuc</strong></span> <span class='ocrx_word' id='word_1_84' title='bbox 595 1363 724 1429; x_wconf 83' lang='lat' dir='ltr'><strong>defectu</strong></span> <span class='ocrx_word' id='word_1_85' title='bbox 741 1363 889 1428; x_wconf 87' lang='lat' dir='ltr'><strong>laborare</strong></span> <span class='ocrx_word' id='word_1_86' title='bbox 909 1364 1073 1427; x_wconf 91' lang='lat' dir='ltr'><strong>scientiam</strong></span> <span class='ocrx_word' id='word_1_87' title='bbox 1090 1364 1302 1449; x_wconf 80' lang='lat' dir='ltr'><strong>geologicam,</strong></span> 
     </span>
     <span class='ocr_line' id='line_1_12' title="bbox 173 1467 1305 1552; baseline 0.001 -24"><span class='ocrx_word' id='word_1_88' title='bbox 173 1467 225 1528; x_wconf 84' lang='lat' dir='ltr'><strong>rel</strong></span> <span class='ocrx_word' id='word_1_89' title='bbox 238 1487 301 1529; x_wconf 90' lang='lat' dir='ltr'><strong>nos</strong></span> <span class='ocrx_word' id='word_1_90' title='bbox 313 1487 378 1530; x_wconf 93' lang='lat' dir='ltr'><strong>non</strong></span> <span class='ocrx_word' id='word_1_91' title='bbox 397 1467 471 1530; x_wconf 89' lang='lat' dir='ltr'><strong>satis</strong></span> <span class='ocrx_word' id='word_1_92' title='bbox 485 1467 666 1552; x_wconf 87' lang='lat' dir='ltr'><strong>perspicere</strong></span> <span class='ocrx_word' id='word_1_93' title='bbox 682 1487 809 1530; x_wconf 91' lang='lat' dir='ltr'><strong>sensum</strong></span> <span class='ocrx_word' id='word_1_94' title='bbox 827 1467 1017 1531; x_wconf 85' lang='lat' dir='ltr'><strong>narrationis</strong></span> <span class='ocrx_word' id='word_1_95' title='bbox 1034 1487 1174 1551; x_wconf 89' lang='lat' dir='ltr'><strong>quacum</strong></span> <span class='ocrx_word' id='word_1_96' title='bbox 1191 1467 1305 1551; x_wconf 63' lang='grc'><strong>30010-</strong></span> 
     </span>
     <span class='ocr_line' id='line_1_13' title="bbox 174 1569 1305 1655; baseline 0.002 -24"><span class='ocrx_word' id='word_1_97' title='bbox 174 1569 259 1653; x_wconf 77' lang='lat' dir='ltr'><strong>giam</strong></span> <span class='ocrx_word' id='word_1_98' title='bbox 279 1570 502 1653; x_wconf 89' lang='lat' dir='ltr'><strong>componimus</strong></span> <span class='ocrx_word' id='word_1_99' title='bbox 524 1572 576 1634; x_wconf 89' lang='lat' dir='ltr'><strong>vel</strong></span> <span class='ocrx_word' id='word_1_100' title='bbox 595 1591 712 1634; x_wconf 88' lang='lat' dir='ltr'><strong>nexum</strong></span> <span class='ocrx_word' id='word_1_101' title='bbox 734 1571 789 1655; x_wconf 92' lang='lat' dir='ltr'><strong>qui</strong></span> <span class='ocrx_word' id='word_1_102' title='bbox 803 1570 972 1634; x_wconf 86' lang='lat' dir='ltr'><strong>inteream</strong></span> <span class='ocrx_word' id='word_1_103' title='bbox 992 1578 1089 1655; x_wconf 88' lang='lat' dir='ltr'><strong>atque</strong></span> <span class='ocrx_word' id='word_1_104' title='bbox 1107 1569 1305 1654; x_wconf 82' lang='lat' dir='ltr'><strong>scripturam</strong></span> 
     </span>
     <span class='ocr_line' id='line_1_14' title="bbox 174 1670 1306 1757; baseline 0.002 -23"><span class='ocrx_word' id='word_1_105' title='bbox 174 1670 353 1735; x_wconf 90' lang='lat' dir='ltr'><strong>intercedit.</strong></span> <span class='ocrx_word' id='word_1_106' title='bbox 369 1671 439 1736; x_wconf 93' lang='lat' dir='ltr'><strong>Hoc</strong></span> <span class='ocrx_word' id='word_1_107' title='bbox 450 1671 548 1736; x_wconf 91' lang='lat' dir='ltr'><strong>hodie</strong></span> <span class='ocrx_word' id='word_1_108' title='bbox 561 1695 598 1737; x_wconf 94' lang='lat' dir='ltr'><strong>eo</strong></span> <span class='ocrx_word' id='word_1_109' title='bbox 611 1674 737 1738; x_wconf 83' lang='lat' dir='ltr'><strong>facilius</strong></span> <span class='ocrx_word' id='word_1_110' title='bbox 749 1670 984 1737; x_wconf 91' lang='lat' dir='ltr'><strong>admittendum</strong></span> <span class='ocrx_word' id='word_1_111' title='bbox 997 1672 1091 1754; x_wconf 87' lang='lat' dir='ltr'><strong>foret,</strong></span> <span class='ocrx_word' id='word_1_112' title='bbox 1106 1670 1194 1757; x_wconf 92' lang='lat' dir='ltr'><strong>quod</strong></span> <span class='ocrx_word' id='word_1_113' title='bbox 1206 1673 1306 1736; x_wconf 89' lang='lat' dir='ltr'><strong>scien-</strong></span> 
     </span>
     <span class='ocr_line' id='line_1_15' title="bbox 174 1774 1303 1859; baseline 0 -22"><span class='ocrx_word' id='word_1_114' title='bbox 174 1775 216 1837; x_wconf 88' lang='lat' dir='ltr'><strong>tia</strong></span> <span class='ocrx_word' id='word_1_115' title='bbox 232 1775 398 1859; x_wconf 77' lang='lat' dir='ltr'><strong>geologica</strong></span> <span class='ocrx_word' id='word_1_116' title='bbox 422 1776 475 1838; x_wconf 86' lang='lat' dir='ltr'><strong>vix</strong></span> <span class='ocrx_word' id='word_1_117' title='bbox 493 1776 644 1858; x_wconf 91' lang='lat' dir='ltr'><strong>nascitur,</strong></span> <span class='ocrx_word' id='word_1_118' title='bbox 664 1786 695 1839; x_wconf 92' lang='lat' dir='ltr'><strong>et</strong></span> <span class='ocrx_word' id='word_1_119' title='bbox 710 1784 798 1839; x_wconf 92' lang='lat' dir='ltr'><strong>tanta</strong></span> <span class='ocrx_word' id='word_1_120' title='bbox 822 1774 929 1839; x_wconf 91' lang='lat' dir='ltr'><strong>adhuc</strong></span> <span class='ocrx_word' id='word_1_121' title='bbox 945 1775 976 1837; x_wconf 95' lang='lat' dir='ltr'><strong>in</strong></span> <span class='ocrx_word' id='word_1_122' title='bbox 997 1784 1089 1838; x_wconf 82' lang='lat' dir='ltr'><strong>terrae</strong></span> <span class='ocrx_word' id='word_1_123' title='bbox 1106 1775 1177 1838; x_wconf 91' lang='lat' dir='ltr'><strong>sinu</strong></span> <span class='ocrx_word' id='word_1_124' title='bbox 1193 1795 1303 1838; x_wconf 90' lang='lat' dir='ltr'><strong>rema-</strong></span> 
     </span>
     <span class='ocr_line' id='line_1_16' title="bbox 155 1874 1304 1962; baseline 0.001 -25"><span class='ocrx_word' id='word_1_125' title='bbox 155 1948 159 1953; x_wconf 33' lang='grc'><strong>,</strong></span> <span class='ocrx_word' id='word_1_126' title='bbox 174 1883 250 1938; x_wconf 91' lang='lat' dir='ltr'><strong>nent</strong></span> <span class='ocrx_word' id='word_1_127' title='bbox 267 1874 493 1960; x_wconf 85' lang='lat' dir='ltr'><strong>examinanda,</strong></span> <span class='ocrx_word' id='word_1_128' title='bbox 511 1887 547 1940; x_wconf 88' lang='lat' dir='ltr'><strong>ut</strong></span> <span class='ocrx_word' id='word_1_129' title='bbox 560 1878 710 1961; x_wconf 91' lang='lat' dir='ltr'><strong>plurima,</strong></span> <span class='ocrx_word' id='word_1_130' title='bbox 724 1898 795 1962; x_wconf 78' lang='lat' dir='ltr'><strong>quae</strong></span> <span class='ocrx_word' id='word_1_131' title='bbox 808 1897 893 1940; x_wconf 91' lang='lat' dir='ltr'><strong>nunc</strong></span> <span class='ocrx_word' id='word_1_132' title='bbox 905 1898 924 1940; x_wconf 93' lang='lat' dir='ltr'><strong>a</strong></span> <span class='ocrx_word' id='word_1_133' title='bbox 936 1876 1079 1960; x_wconf 81' lang='lat' dir='ltr'><strong>geologis</strong></span> <span class='ocrx_word' id='word_1_134' title='bbox 1091 1877 1304 1951; x_wconf 80' lang='lat' dir='ltr'><strong>comnumiter</strong></span> 
     </span>
     <span class='ocr_line' id='line_1_17' title="bbox 171 1975 1303 2063; baseline 0 -23"><span class='ocrx_word' id='word_1_135' title='bbox 171 1975 396 2060; x_wconf 88' lang='lat' dir='ltr'><strong>admittuntur,</strong></span> <span class='ocrx_word' id='word_1_136' title='bbox 415 1979 448 2041; x_wconf 95' lang='lat' dir='ltr'><strong>in</strong></span> <span class='ocrx_word' id='word_1_137' title='bbox 462 1977 598 2043; x_wconf 89' lang='lat' dir='ltr'><strong>dubium</strong></span> <span class='ocrx_word' id='word_1_138' title='bbox 619 1980 753 2044; x_wconf 87' lang='lat' dir='ltr'><strong>fortasse</strong></span> <span class='ocrx_word' id='word_1_139' title='bbox 767 1988 838 2063; x_wconf 91' lang='lat' dir='ltr'><strong>post</strong></span> <span class='ocrx_word' id='word_1_140' title='bbox 855 1998 975 2062; x_wconf 91' lang='lat' dir='ltr'><strong>paucos</strong></span> <span class='ocrx_word' id='word_1_141' title='bbox 997 1997 1097 2041; x_wconf 90' lang='lat' dir='ltr'><strong>annos</strong></span> <span class='ocrx_word' id='word_1_142' title='bbox 1120 1975 1303 2043; x_wconf 90' lang='lat' dir='ltr'><strong>revocanda</strong></span> 
     </span>
     <span class='ocr_line' id='line_1_18' title="bbox 173 2079 1303 2167; baseline -0.001 -24"><span class='ocrx_word' id='word_1_143' title='bbox 173 2081 247 2162; x_wconf 90' lang='lat' dir='ltr'><strong>sint,</strong></span> <span class='ocrx_word' id='word_1_144' title='bbox 261 2089 432 2166; x_wconf 86' lang='lat' dir='ltr'><strong>postquam</strong></span> <span class='ocrx_word' id='word_1_145' title='bbox 444 2079 542 2164; x_wconf 90' lang='lat' dir='ltr'><strong>docti,</strong></span> <span class='ocrx_word' id='word_1_146' title='bbox 556 2080 780 2167; x_wconf 80' lang='lat' dir='ltr'><strong>progrediente</strong></span> <span class='ocrx_word' id='word_1_147' title='bbox 792 2082 935 2161; x_wconf 89' lang='lat' dir='ltr'><strong>scientia,</strong></span> <span class='ocrx_word' id='word_1_148' title='bbox 950 2100 1050 2144; x_wconf 88' lang='lat' dir='ltr'><strong>novas</strong></span> <span class='ocrx_word' id='word_1_149' title='bbox 1061 2089 1163 2144; x_wconf 89' lang='lat' dir='ltr'><strong>terras</strong></span> <span class='ocrx_word' id='word_1_150' title='bbox 1174 2081 1303 2144; x_wconf 90' lang='lat' dir='ltr'><strong>scrutati</strong></span> 
     </span>
     <span class='ocr_line' id='line_1_19' title="bbox 174 2160 903 2272; baseline 0 -25"><span class='ocrx_word' id='word_1_151' title='bbox 174 2184 295 2248; x_wconf 84' lang='lat' dir='ltr'><strong>luerint</strong></span> <span class='ocrx_word' id='word_1_152' title='bbox 310 2185 363 2248; x_wconf 85' lang='lat' dir='ltr'><strong>vel</strong></span> <span class='ocrx_word' id='word_1_153' title='bbox 379 2205 462 2248; x_wconf 86' lang='lat' dir='ltr'><strong>nova</strong></span> <span class='ocrx_word' id='word_1_154' title='bbox 477 2185 597 2270; x_wconf 74' lang='lat' dir='ltr'><strong>fossilis</strong></span> <span class='ocrx_word' id='word_1_155' title='bbox 616 2185 665 2272; x_wconf 84' lang='lat' dir='ltr'><strong>(l)</strong></span> <span class='ocrx_word' id='word_1_156' title='bbox 682 2160 903 2271; x_wconf 82' lang='lat' dir='ltr'><strong>repererint-l</strong></span> 
     </span>
    </p>

    <p class='ocr_par' dir='ltr' id='par_1_5' title="bbox 92 2284 1362 3093">
     <span class='ocr_line' id='line_1_20' title="bbox 217 2284 1305 2372; baseline 0.001 -25"><span class='ocrx_word' id='word_1_157' title='bbox 217 2285 272 2348; x_wconf 91' lang='grc'><strong>66.</strong></span> <span class='ocrx_word' id='word_1_158' title='bbox 287 2285 438 2348; x_wconf 85' lang='lat' dir='ltr'><strong>Attamen</strong></span> <span class='ocrx_word' id='word_1_159' title='bbox 459 2287 589 2371; x_wconf 92' lang='lat' dir='ltr'><strong>plurimi</strong></span> <span class='ocrx_word' id='word_1_160' title='bbox 608 2308 693 2351; x_wconf 91' lang='lat' dir='ltr'><strong>nunc</strong></span> <span class='ocrx_word' id='word_1_161' title='bbox 714 2287 917 2371; x_wconf 88' lang='lat' dir='ltr'><strong>reperiuntur</strong></span> <span class='ocrx_word' id='word_1_162' title='bbox 935 2287 1073 2372; x_wconf 79' lang='lat' dir='ltr'><strong>geologi,</strong></span> <span class='ocrx_word' id='word_1_163' title='bbox 1092 2286 1147 2371; x_wconf 92' lang='lat' dir='ltr'><strong>qui</strong></span> <span class='ocrx_word' id='word_1_164' title='bbox 1164 2284 1305 2349; x_wconf 89' lang='lat' dir='ltr'><strong>demon-</strong></span> 
     </span>
     <span class='ocr_line' id='line_1_21' title="bbox 176 2388 1306 2475; baseline 0 -24"><span class='ocrx_word' id='word_1_165' title='bbox 176 2397 277 2451; x_wconf 86' lang='lat' dir='ltr'><strong>strant</strong></span> <span class='ocrx_word' id='word_1_166' title='bbox 300 2388 481 2474; x_wconf 83' lang='lat' dir='ltr'><strong>geologiam</strong></span> <span class='ocrx_word' id='word_1_167' title='bbox 502 2390 534 2452; x_wconf 95' lang='lat' dir='ltr'><strong>in</strong></span> <span class='ocrx_word' id='word_1_168' title='bbox 554 2391 699 2474; x_wconf 77' lang='lat' dir='ltr'><strong>prasenti</strong></span> <span class='ocrx_word' id='word_1_169' title='bbox 720 2412 776 2453; x_wconf 88' lang='lat' dir='ltr'><strong>suo</strong></span> <span class='ocrx_word' id='word_1_170' title='bbox 798 2399 892 2472; x_wconf 90' lang='lat' dir='ltr'><strong>statu,</strong></span> <span class='ocrx_word' id='word_1_171' title='bbox 915 2392 940 2453; x_wconf 90' lang='lat' dir='ltr'><strong>si</strong></span> <span class='ocrx_word' id='word_1_172' title='bbox 957 2388 1049 2475; x_wconf 86' lang='lat' dir='ltr'><strong>juxta</strong></span> <span class='ocrx_word' id='word_1_173' title='bbox 1067 2389 1228 2474; x_wconf 84' lang='lat' dir='ltr'><strong>praecipua</strong></span> <span class='ocrx_word' id='word_1_174' title='bbox 1248 2409 1306 2451; x_wconf 86' lang='lat' dir='ltr'><strong>sua</strong></span> 
     </span>
     <span class='ocr_line' id='line_1_22' title="bbox 177 2491 1362 2577; baseline 0.001 -24"><span class='ocrx_word' id='word_1_175' title='bbox 177 2491 372 2555; x_wconf 89' lang='lat' dir='ltr'><strong>lineamenta</strong></span> <span class='ocrx_word' id='word_1_176' title='bbox 397 2493 574 2576; x_wconf 81' lang='lat' dir='ltr'><strong>generatim</strong></span> <span class='ocrx_word' id='word_1_177' title='bbox 603 2492 833 2575; x_wconf 85' lang='lat' dir='ltr'><strong>consideretur,</strong></span> <span class='ocrx_word' id='word_1_178' title='bbox 863 2513 993 2577; x_wconf 90' lang='lat' dir='ltr'><strong>prorsus</strong></span> <span class='ocrx_word' id='word_1_179' title='bbox 1021 2513 1095 2557; x_wconf 92' lang='lat' dir='ltr'><strong>cum</strong></span> <span class='ocrx_word' id='word_1_180' title='bbox 1124 2493 1306 2556; x_wconf 85' lang='lat' dir='ltr'><strong>narratione</strong></span> <span class='ocrx_word' id='word_1_181' title='bbox 1361 2509 1362 2512; x_wconf 72' lang='grc'>’</span> 
     </span>
     <span class='ocr_line' id='line_1_23' title="bbox 92 2592 1306 2681; baseline 0.001 -26"><span class='ocrx_word' id='word_1_182' title='bbox 92 2630 96 2643; x_wconf 79' lang='lat'>·</span> <span class='ocrx_word' id='word_1_183' title='bbox 176 2594 319 2657; x_wconf 90' lang='lat' dir='ltr'><strong>mosaica</strong></span> <span class='ocrx_word' id='word_1_184' title='bbox 335 2615 510 2659; x_wconf 91' lang='lat' dir='ltr'><strong>consonare</strong></span> <span class='ocrx_word' id='word_1_185' title='bbox 525 2620 533 2677; x_wconf 90' lang='lat'>;</span> <span class='ocrx_word' id='word_1_186' title='bbox 552 2597 699 2681; x_wconf 88' lang='lat' dir='ltr'><strong>quamvis</strong></span> <span class='ocrx_word' id='word_1_187' title='bbox 715 2597 739 2658; x_wconf 89' lang='lat' dir='ltr'><strong>si</strong></span> <span class='ocrx_word' id='word_1_188' title='bbox 755 2596 936 2659; x_wconf 91' lang='lat' dir='ltr'><strong>minutatim</strong></span> <span class='ocrx_word' id='word_1_189' title='bbox 954 2595 996 2659; x_wconf 91' lang='lat' dir='ltr'><strong>ad</strong></span> <span class='ocrx_word' id='word_1_190' title='bbox 1012 2596 1137 2680; x_wconf 80' lang='lat' dir='ltr'><strong>singula</strong></span> <span class='ocrx_word' id='word_1_191' title='bbox 1155 2592 1306 2659; x_wconf 91' lang='lat' dir='ltr'><strong>attenda-</strong></span> 
     </span>
     <span class='ocr_line' id='line_1_24' title="bbox 159 2695 1305 2783; baseline 0 -24"><span class='ocrx_word' id='word_1_192' title='bbox 159 2705 229 2778; x_wconf 45' lang='lat' dir='ltr'><strong>,tur</strong></span> <span class='ocrx_word' id='word_1_193' title='bbox 244 2697 366 2760; x_wconf 90' lang='lat' dir='ltr'><strong>nonita</strong></span> <span class='ocrx_word' id='word_1_194' title='bbox 383 2697 478 2760; x_wconf 90' lang='lat' dir='ltr'><strong>facile</strong></span> <span class='ocrx_word' id='word_1_195' title='bbox 494 2698 534 2760; x_wconf 91' lang='lat' dir='ltr'><strong>sit</strong></span> <span class='ocrx_word' id='word_1_196' title='bbox 548 2698 724 2783; x_wconf 84' lang='lat' dir='ltr'><strong>perfectam</strong></span> <span class='ocrx_word' id='word_1_197' title='bbox 741 2699 821 2761; x_wconf 91' lang='lat' dir='ltr'><strong>inire</strong></span> <span class='ocrx_word' id='word_1_198' title='bbox 834 2697 1039 2763; x_wconf 90' lang='lat' dir='ltr'><strong>concordiam</strong></span> <span class='ocrx_word' id='word_1_199' title='bbox 1060 2696 1120 2782; x_wconf 71' lang='lat'><strong>(2).</strong></span> <span class='ocrx_word' id='word_1_200' title='bbox 1137 2695 1189 2760; x_wconf 82' lang='lat' dir='ltr'><strong>Ad</strong></span> <span class='ocrx_word' id='word_1_201' title='bbox 1208 2695 1305 2759; x_wconf 85' lang='lat' dir='ltr'><strong>finem</strong></span> 
     </span>
     <span class='ocr_line' id='line_1_25' title="bbox 178 2796 1305 2886; baseline 0 -25"><span class='ocrx_word' id='word_1_202' title='bbox 178 2796 311 2883; x_wconf 91' lang='lat' dir='ltr'><strong>quidem</strong></span> <span class='ocrx_word' id='word_1_203' title='bbox 324 2801 429 2864; x_wconf 78' lang='lat' dir='ltr'><strong>secuti</strong></span> <span class='ocrx_word' id='word_1_204' title='bbox 444 2801 544 2885; x_wconf 89' lang='lat' dir='ltr'><strong>elapsi</strong></span> <span class='ocrx_word' id='word_1_205' title='bbox 556 2822 665 2865; x_wconf 91' lang='lat' dir='ltr'><strong>rerum</strong></span> <span class='ocrx_word' id='word_1_206' title='bbox 679 2802 872 2865; x_wconf 90' lang='lat' dir='ltr'><strong>naturalium</strong></span> <span class='ocrx_word' id='word_1_207' title='bbox 885 2802 978 2886; x_wconf 92' lang='lat' dir='ltr'><strong>periti</strong></span> <span class='ocrx_word' id='word_1_208' title='bbox 990 2802 1112 2886; x_wconf 88' lang='lat' dir='ltr'><strong>impetu</strong></span> <span class='ocrx_word' id='word_1_209' title='bbox 1124 2801 1305 2864; x_wconf 88' lang='lat' dir='ltr'><strong>vehementi</strong></span> 
     </span>
     <span class='ocr_line' id='line_1_26' title="bbox 178 2899 1304 2989; baseline 0.003 -28"><span class='ocrx_word' id='word_1_210' title='bbox 178 2899 385 2984; x_wconf 83' lang='lat' dir='ltr'><strong>insurgebant</strong></span> <span class='ocrx_word' id='word_1_211' title='bbox 407 2903 441 2965; x_wconf 94' lang='lat' dir='ltr'><strong>in</strong></span> <span class='ocrx_word' id='word_1_212' title='bbox 468 2905 685 2968; x_wconf 85' lang='lat' dir='ltr'><strong>narrationem</strong></span> <span class='ocrx_word' id='word_1_213' title='bbox 709 2906 901 2986; x_wconf 89' lang='lat' dir='ltr'><strong>mosaicam,</strong></span> <span class='ocrx_word' id='word_1_214' title='bbox 931 2903 1022 2989; x_wconf 90' lang='lat' dir='ltr'><strong>qnasi</strong></span> <span class='ocrx_word' id='word_1_215' title='bbox 1049 2904 1170 2987; x_wconf 75' lang='lat' dir='ltr'><strong>Moyses</strong></span> <span class='ocrx_word' id='word_1_216' title='bbox 1198 2904 1304 2966; x_wconf 92' lang='lat' dir='ltr'><strong>omnia</strong></span> 
     </span>
     <span class='ocr_line' id='line_1_27' title="bbox 178 3003 1307 3093; baseline 0 -26"><span class='ocrx_word' id='word_1_217' title='bbox 178 3004 260 3067; x_wconf 82' lang='lat' dir='ltr'><strong>falsa</strong></span> <span class='ocrx_word' id='word_1_218' title='bbox 285 3003 425 3070; x_wconf 84' lang='lat' dir='ltr'><strong>dixisset.</strong></span> <span class='ocrx_word' id='word_1_219' title='bbox 445 3006 511 3070; x_wconf 87' lang='lat' dir='ltr'><strong>Nec</strong></span> <span class='ocrx_word' id='word_1_220' title='bbox 527 3005 642 3072; x_wconf 91' lang='lat' dir='ltr'><strong>desunt</strong></span> <span class='ocrx_word' id='word_1_221' title='bbox 660 3006 756 3072; x_wconf 91' lang='lat' dir='ltr'><strong>hodie</strong></span> <span class='ocrx_word' id='word_1_222' title='bbox 777 3009 845 3093; x_wconf 92' lang='lat' dir='ltr'><strong>qui,</strong></span> <span class='ocrx_word' id='word_1_223' title='bbox 868 3005 1081 3092; x_wconf 74' lang='lat' dir='ltr'><strong>praejudicatis</strong></span> <span class='ocrx_word' id='word_1_224' title='bbox 1104 3006 1307 3090; x_wconf 89' lang='lat' dir='ltr'><strong>opinionibus</strong></span> 
     </span>
    </p>
   </div>
   <div class='ocr_carea' id='block_1_5' title="bbox 116 3219 1313 4433">
    <p class='ocr_par' dir='ltr' id='par_1_6' title="bbox 177 3219 1308 3370">
     <span class='ocr_line' id='line_1_28' title="bbox 211 3219 1308 3289; baseline 0.003 -19"><span class='ocrx_word' id='word_1_225' title='bbox 211 3220 248 3285; x_wconf 91' lang='grc'><strong>(1)</strong></span> <span class='ocrx_word' id='word_1_226' title='bbox 258 3219 295 3271; x_wconf 84' lang='lat' dir='ltr'><strong>lta</strong></span> <span class='ocrx_word' id='word_1_227' title='bbox 304 3224 464 3286; x_wconf 85' lang='lat' dir='ltr'><strong>appellantur</strong></span> <span class='ocrx_word' id='word_1_228' title='bbox 475 3226 617 3287; x_wconf 84' lang='lat' dir='ltr'><strong>plantarum</strong></span> <span class='ocrx_word' id='word_1_229' title='bbox 637 3226 854 3289; x_wconf 84' lang='lat' dir='ltr'><strong>animantiumque</strong></span> <span class='ocrx_word' id='word_1_230' title='bbox 874 3226 988 3289; x_wconf 81' lang='lat' dir='ltr'><strong>reliquia</strong></span> <span class='ocrx_word' id='word_1_231' title='bbox 1004 3232 1030 3275; x_wconf 89' lang='lat' dir='ltr'><strong>et</strong></span> <span class='ocrx_word' id='word_1_232' title='bbox 1041 3225 1146 3288; x_wconf 74' lang='lat' dir='ltr'><strong>vestigia</strong></span> <span class='ocrx_word' id='word_1_233' title='bbox 1158 3223 1308 3287; x_wconf 88' lang='lat' dir='ltr'><strong>pierumque</strong></span> 
     </span>
     <span class='ocr_line' id='line_1_29' title="bbox 177 3304 956 3370; baseline 0.008 -18"><span class='ocrx_word' id='word_1_234' title='bbox 177 3304 205 3352; x_wconf 91' lang='lat' dir='ltr'><strong>in</strong></span> <span class='ocrx_word' id='word_1_235' title='bbox 219 3309 440 3366; x_wconf 73' lang='lat' dir='ltr'><strong>putrescentem,</strong></span> <span class='ocrx_word' id='word_1_236' title='bbox 453 3308 585 3370; x_wconf 85' lang='lat' dir='ltr'><strong>pristinam</strong></span> <span class='ocrx_word' id='word_1_237' title='bbox 596 3316 681 3358; x_wconf 87' lang='lat' dir='ltr'><strong>tamen</strong></span> <span class='ocrx_word' id='word_1_238' title='bbox 693 3308 799 3358; x_wconf 79' lang='lat' dir='ltr'><strong>formam</strong></span> <span class='ocrx_word' id='word_1_239' title='bbox 810 3308 956 3358; x_wconf 89' lang='lat' dir='ltr'><strong>rettnentia.</strong></span> 
     </span>
    </p>

    <p class='ocr_par' dir='ltr' id='par_1_7' title="bbox 116 3384 1313 4433">
     <span class='ocr_line' id='line_1_30' title="bbox 201 3384 1309 3453; baseline 0.004 -18"><span class='ocrx_word' id='word_1_240' title='bbox 201 3384 247 3450; x_wconf 62' lang='lat' dir='ltr'><strong>tt)</strong></span> <span class='ocrx_word' id='word_1_241' title='bbox 267 3386 332 3437; x_wconf 85' lang='lat' dir='ltr'><strong>Fuse</strong></span> <span class='ocrx_word' id='word_1_242' title='bbox 352 3394 379 3437; x_wconf 89' lang='lat' dir='ltr'><strong>et</strong></span> <span class='ocrx_word' id='word_1_243' title='bbox 398 3388 471 3438; x_wconf 89' lang='lat' dir='ltr'><strong>docte</strong></span> <span class='ocrx_word' id='word_1_244' title='bbox 492 3390 555 3440; x_wconf 87' lang='lat' dir='ltr'><strong>hanc</strong></span> <span class='ocrx_word' id='word_1_245' title='bbox 572 3391 738 3453; x_wconf 83' lang='lat' dir='ltr'><strong>quaestionem</strong></span> <span class='ocrx_word' id='word_1_246' title='bbox 754 3396 894 3440; x_wconf 83' lang='lat' dir='ltr'><strong>tractarunt</strong></span> <span class='ocrx_word' id='word_1_247' title='bbox 911 3389 1048 3450; x_wconf 84' lang='lat' dir='ltr'><strong>Wiseman,</strong></span> <span class='ocrx_word' id='word_1_248' title='bbox 1066 3389 1191 3441; x_wconf 82' lang='lat' dir='ltr'><strong>Disecurs</strong></span> <span class='ocrx_word' id='word_1_249' title='bbox 1204 3401 1252 3439; x_wconf 82' lang='lat' dir='ltr'><strong>sur</strong></span> <span class='ocrx_word' id='word_1_250' title='bbox 1274 3389 1309 3439; x_wconf 82' lang='lat' dir='ltr'><strong>les</strong></span> 
     </span>
     <span class='ocr_line' id='line_1_31' title="bbox 177 3468 1309 3539; baseline 0.009 -26"><span class='ocrx_word' id='word_1_251' title='bbox 177 3472 304 3530; x_wconf 82' lang='lat' dir='ltr'><strong>rapports</strong></span> <span class='ocrx_word' id='word_1_252' title='bbox 315 3472 386 3519; x_wconf 83' lang='lat' dir='ltr'><strong>entre</strong></span> <span class='ocrx_word' id='word_1_253' title='bbox 399 3468 425 3518; x_wconf 87' lang='grc'><strong>10</strong></span> <span class='ocrx_word' id='word_1_254' title='bbox 434 3470 533 3521; x_wconf 80' lang='lat' dir='ltr'><strong>sciense</strong></span> <span class='ocrx_word' id='word_1_255' title='bbox 543 3476 567 3521; x_wconf 89' lang='lat' dir='ltr'><strong>et</strong></span> <span class='ocrx_word' id='word_1_256' title='bbox 576 3473 602 3521; x_wconf 90' lang='grc'><strong>10</strong></span> <span class='ocrx_word' id='word_1_257' title='bbox 614 3471 724 3539; x_wconf 57' lang='lat' dir='ltr'><strong>religion</strong></span> <span class='ocrx_word' id='word_1_258' title='bbox 737 3471 841 3521; x_wconf 76' lang='grc'><strong>0000100.</strong></span> <span class='ocrx_word' id='word_1_259' title='bbox 855 3473 985 3522; x_wconf 83' lang='lat' dir='ltr'><strong>Bruxeites</strong></span> <span class='ocrx_word' id='word_1_260' title='bbox 1001 3473 1081 3531; x_wconf 69' lang='grc'><strong>1858,</strong></span> <span class='ocrx_word' id='word_1_261' title='bbox 1097 3471 1260 3535; x_wconf 73' lang='lat' dir='ltr'><strong>Waterheyn,</strong></span> <span class='ocrx_word' id='word_1_262' title='bbox 1271 3472 1309 3523; x_wconf 83' lang='lat' dir='ltr'><strong>La</strong></span> 
     </span>
     <span class='ocr_line' id='line_1_32' title="bbox 177 3547 1308 3618; baseline 0.008 -24"><span class='ocrx_word' id='word_1_263' title='bbox 177 3547 277 3597; x_wconf 77' lang='lat' dir='ltr'><strong>sciente</strong></span> <span class='ocrx_word' id='word_1_264' title='bbox 286 3552 309 3597; x_wconf 90' lang='lat' dir='ltr'><strong>et</strong></span> <span class='ocrx_word' id='word_1_265' title='bbox 326 3547 352 3597; x_wconf 88' lang='grc'><strong>10</strong></span> <span class='ocrx_word' id='word_1_266' title='bbox 365 3550 405 3613; x_wconf 81' lang='lat' dir='ltr'><strong>foi</strong></span> <span class='ocrx_word' id='word_1_267' title='bbox 414 3562 462 3600; x_wconf 86' lang='lat' dir='ltr'><strong>sur</strong></span> <span class='ocrx_word' id='word_1_268' title='bbox 476 3550 579 3603; x_wconf 85' lang='lat' dir='ltr'><strong>t’oeuere</strong></span> <span class='ocrx_word' id='word_1_269' title='bbox 595 3553 639 3602; x_wconf 87' lang='lat' dir='ltr'><strong>des</strong></span> <span class='ocrx_word' id='word_1_270' title='bbox 650 3553 694 3602; x_wconf 82' lang='lat' dir='ltr'><strong>star</strong></span> <span class='ocrx_word' id='word_1_271' title='bbox 707 3553 793 3615; x_wconf 85' lang='lat' dir='ltr'><strong>jonrs.</strong></span> <span class='ocrx_word' id='word_1_272' title='bbox 812 3554 932 3614; x_wconf 84' lang='lat' dir='ltr'><strong>Lonvain,</strong></span> <span class='ocrx_word' id='word_1_273' title='bbox 950 3553 1023 3618; x_wconf 78' lang='lat' dir='ltr'><strong>l8l5;</strong></span> <span class='ocrx_word' id='word_1_274' title='bbox 1036 3554 1175 3615; x_wconf 84' lang='lat' dir='ltr'><strong>Pianciani,</strong></span> <span class='ocrx_word' id='word_1_275' title='bbox 1187 3553 1219 3604; x_wconf 85' lang='grc'><strong>10</strong></span> <span class='ocrx_word' id='word_1_276' title='bbox 1231 3553 1308 3604; x_wconf 81' lang='lat' dir='ltr'><strong>histo·</strong></span> 
     </span>
     <span class='ocr_line' id='line_1_33' title="bbox 178 3628 1308 3699; baseline 0.009 -24"><span class='ocrx_word' id='word_1_277' title='bbox 178 3628 251 3676; x_wconf 82' lang='lat' dir='ltr'><strong>rium</strong></span> <span class='ocrx_word' id='word_1_278' title='bbox 270 3630 411 3679; x_wconf 80' lang='lat' dir='ltr'><strong>creationis</strong></span> <span class='ocrx_word' id='word_1_279' title='bbox 431 3632 582 3683; x_wconf 82' lang='lat' dir='ltr'><strong>mosaicum.</strong></span> <span class='ocrx_word' id='word_1_280' title='bbox 602 3633 662 3683; x_wconf 78' lang='lat' dir='ltr'><strong>Lon.</strong></span> <span class='ocrx_word' id='word_1_281' title='bbox 683 3633 763 3693; x_wconf 76' lang='grc'><strong>1865;</strong></span> <span class='ocrx_word' id='word_1_282' title='bbox 782 3633 872 3683; x_wconf 86' lang='lat' dir='ltr'><strong>Marcel</strong></span> <span class='ocrx_word' id='word_1_283' title='bbox 887 3633 919 3684; x_wconf 92' lang='lat' dir='ltr'><strong>de</strong></span> <span class='ocrx_word' id='word_1_284' title='bbox 939 3634 1034 3695; x_wconf 81' lang='lat' dir='ltr'><strong>Senes,</strong></span> <span class='ocrx_word' id='word_1_285' title='bbox 1050 3635 1088 3685; x_wconf 84' lang='lat' dir='ltr'><strong>La</strong></span> <span class='ocrx_word' id='word_1_286' title='bbox 1102 3634 1264 3699; x_wconf 78' lang='lat' dir='ltr'><strong>cosmopoos&#39;e</strong></span> <span class='ocrx_word' id='word_1_287' title='bbox 1277 3634 1308 3685; x_wconf 85' lang='lat' dir='ltr'><strong>de</strong></span> 
     </span>
     <span class='ocr_line' id='line_1_34' title="bbox 179 3708 1304 3779; baseline 0.004 -20"><span class='ocrx_word' id='word_1_288' title='bbox 179 3708 270 3770; x_wconf 65' lang='lat' dir='ltr'><strong>Motae,</strong></span> <span class='ocrx_word' id='word_1_289' title='bbox 284 3710 311 3759; x_wconf 68' lang='grc' dir='ltr'><strong>5ο</strong></span> <span class='ocrx_word' id='word_1_290' title='bbox 323 3710 364 3760; x_wconf 88' lang='lat' dir='ltr'><strong>ed.</strong></span> <span class='ocrx_word' id='word_1_291' title='bbox 378 3710 458 3771; x_wconf 87' lang='lat' dir='ltr'><strong>Paris,</strong></span> <span class='ocrx_word' id='word_1_292' title='bbox 471 3713 677 3777; x_wconf 66' lang='grc' dir='ltr'><strong>18611,Μο13000,</strong></span> <span class='ocrx_word' id='word_1_293' title='bbox 689 3714 979 3766; x_wconf 84' lang='lat' dir='ltr'><strong>L’tommeettemonde</strong></span> <span class='ocrx_word' id='word_1_294' title='bbox 987 3714 1108 3779; x_wconf 74' lang='lat' dir='ltr'><strong>primitis</strong></span> <span class='ocrx_word' id='word_1_295' title='bbox 1114 3715 1185 3764; x_wconf 84' lang='lat' dir='ltr'><strong>seton</strong></span> <span class='ocrx_word' id='word_1_296' title='bbox 1194 3713 1304 3765; x_wconf 84' lang='lat' dir='ltr'><strong>laBtbte.</strong></span> 
     </span>
     <span class='ocr_line' id='line_1_35' title="bbox 180 3790 1306 3861; baseline 0.005 -21"><span class='ocrx_word' id='word_1_297' title='bbox 180 3790 356 3850; x_wconf 77' lang='lat' dir='ltr'><strong>Paris‚1869;</strong></span> <span class='ocrx_word' id='word_1_298' title='bbox 372 3792 470 3856; x_wconf 66' lang='lat' dir='ltr'><strong>hollos,</strong></span> <span class='ocrx_word' id='word_1_299' title='bbox 489 3793 606 3861; x_wconf 75' lang='lat' dir='ltr'><strong>Gtolopie</strong></span> <span class='ocrx_word' id='word_1_300' title='bbox 622 3801 646 3846; x_wconf 87' lang='lat' dir='ltr'><strong>et</strong></span> <span class='ocrx_word' id='word_1_301' title='bbox 663 3796 814 3857; x_wconf 75' lang='lat' dir='ltr'><strong>revelation,</strong></span> <span class='ocrx_word' id='word_1_302' title='bbox 833 3796 928 3846; x_wconf 89' lang='lat' dir='ltr'><strong>traduit</strong></span> <span class='ocrx_word' id='word_1_303' title='bbox 942 3796 1207 3860; x_wconf 68' lang='lat' dir='ltr'><strong>musaraneus,</strong></span> <span class='ocrx_word' id='word_1_304' title='bbox 1224 3797 1306 3860; x_wconf 77' lang='grc'><strong>1875;</strong></span> 
     </span>
     <span class='ocr_line' id='line_1_36' title="bbox 179 3873 1305 3939; baseline 0.006 -18"><span class='ocrx_word' id='word_1_305' title='bbox 179 3873 264 3934; x_wconf 85' lang='lat' dir='ltr'><strong>Pozzi,</strong></span> <span class='ocrx_word' id='word_1_306' title='bbox 277 3874 315 3924; x_wconf 84' lang='lat' dir='ltr'><strong>La</strong></span> <span class='ocrx_word' id='word_1_307' title='bbox 336 3878 404 3924; x_wconf 86' lang='lat' dir='ltr'><strong>terre</strong></span> <span class='ocrx_word' id='word_1_308' title='bbox 422 3875 481 3925; x_wconf 84' lang='lat' dir='ltr'><strong>etle</strong></span> <span class='ocrx_word' id='word_1_309' title='bbox 500 3877 565 3926; x_wconf 80' lang='lat' dir='ltr'><strong>recit</strong></span> <span class='ocrx_word' id='word_1_310' title='bbox 578 3878 608 3927; x_wconf 85' lang='lat' dir='ltr'><strong>de</strong></span> <span class='ocrx_word' id='word_1_311' title='bbox 619 3877 646 3927; x_wconf 86' lang='grc'><strong>10</strong></span> <span class='ocrx_word' id='word_1_312' title='bbox 663 3879 789 3939; x_wconf 78' lang='lat' dir='ltr'><strong>erectior,</strong></span> <span class='ocrx_word' id='word_1_313' title='bbox 806 3879 888 3938; x_wconf 85' lang='lat' dir='ltr'><strong>Paris,</strong></span> <span class='ocrx_word' id='word_1_314' title='bbox 906 3880 978 3929; x_wconf 82' lang='grc'><strong>1811.</strong></span> <span class='ocrx_word' id='word_1_315' title='bbox 998 3879 1034 3929; x_wconf 83' lang='grc'><strong>110</strong></span> <span class='ocrx_word' id='word_1_316' title='bbox 1051 3879 1074 3928; x_wconf 86' lang='lat' dir='ltr'><strong>ta</strong></span> <span class='ocrx_word' id='word_1_317' title='bbox 1089 3878 1174 3928; x_wconf 70' lang='lat' dir='ltr'><strong>Vatiae</strong></span> <span class='ocrx_word' id='word_1_318' title='bbox 1189 3879 1305 3939; x_wconf 81' lang='lat' dir='ltr'><strong>Persam,</strong></span> 
     </span>
     <span class='ocr_line' id='line_1_37' title="bbox 181 3955 1309 4025; baseline 0.004 -19"><span class='ocrx_word' id='word_1_319' title='bbox 181 3955 261 4006; x_wconf 82' lang='grc'><strong>110000</strong></span> <span class='ocrx_word' id='word_1_320' title='bbox 280 3955 432 4023; x_wconf 76' lang='grc'><strong>0011011000,</strong></span> <span class='ocrx_word' id='word_1_321' title='bbox 451 3959 525 4017; x_wconf 84' lang='grc'><strong>1871,</strong></span> <span class='ocrx_word' id='word_1_322' title='bbox 544 3973 568 4022; x_wconf 87' lang='lat' dir='ltr'><strong>p.</strong></span> <span class='ocrx_word' id='word_1_323' title='bbox 582 3960 608 4010; x_wconf 77' lang='lat' dir='ltr'><strong>a.</strong></span> <span class='ocrx_word' id='word_1_324' title='bbox 628 3973 710 4025; x_wconf 85' lang='lat' dir='ltr'><strong>seqq,</strong></span> <span class='ocrx_word' id='word_1_325' title='bbox 728 3961 801 4021; x_wconf 88' lang='grc'><strong>1816,</strong></span> <span class='ocrx_word' id='word_1_326' title='bbox 821 3961 877 4013; x_wconf 86' lang='grc'><strong>198.</strong></span> <span class='ocrx_word' id='word_1_327' title='bbox 895 3961 1007 4011; x_wconf 84' lang='lat' dir='ltr'><strong>Sufficiat</strong></span> <span class='ocrx_word' id='word_1_328' title='bbox 1025 3960 1066 4011; x_wconf 87' lang='lat' dir='ltr'><strong>hic</strong></span> <span class='ocrx_word' id='word_1_329' title='bbox 1086 3961 1210 4010; x_wconf 81' lang='lat' dir='ltr'><strong>adducere</strong></span> <span class='ocrx_word' id='word_1_330' title='bbox 1234 3962 1309 4011; x_wconf 83' lang='lat' dir='ltr'><strong>verba</strong></span> 
     </span>
     <span class='ocr_line' id='line_1_38' title="bbox 181 4036 1310 4106; baseline 0.006 -21"><span class='ocrx_word' id='word_1_331' title='bbox 181 4036 320 4087; x_wconf 88' lang='lat' dir='ltr'><strong>doctissimi</strong></span> <span class='ocrx_word' id='word_1_332' title='bbox 339 4038 438 4101; x_wconf 75' lang='lat' dir='ltr'><strong>geologi</strong></span> <span class='ocrx_word' id='word_1_333' title='bbox 452 4039 524 4100; x_wconf 82' lang='lat' dir='ltr'><strong>Diua,</strong></span> <span class='ocrx_word' id='word_1_334' title='bbox 540 4041 587 4090; x_wconf 88' lang='lat' dir='ltr'><strong>viri</strong></span> <span class='ocrx_word' id='word_1_335' title='bbox 602 4042 733 4093; x_wconf 84' lang='lat' dir='ltr'><strong>acatholici</strong></span> <span class='ocrx_word' id='word_1_336' title='bbox 750 4043 804 4106; x_wconf 89' lang='lat' dir='ltr'><strong>qui,</strong></span> <span class='ocrx_word' id='word_1_337' title='bbox 821 4042 977 4106; x_wconf 86' lang='lat' dir='ltr'><strong>deprehensa</strong></span> <span class='ocrx_word' id='word_1_338' title='bbox 998 4042 1046 4091; x_wconf 89' lang='lat' dir='ltr'><strong>ista</strong></span> <span class='ocrx_word' id='word_1_339' title='bbox 1063 4042 1127 4092; x_wconf 85' lang='lat' dir='ltr'><strong>mira</strong></span> <span class='ocrx_word' id='word_1_340' title='bbox 1145 4042 1310 4092; x_wconf 88' lang='lat' dir='ltr'><strong>scientiarum</strong></span> 
     </span>
     <span class='ocr_line' id='line_1_39' title="bbox 116 4119 1311 4185; baseline 0.006 -19"><span class='ocrx_word' id='word_1_341' title='bbox 116 4149 136 4166; x_wconf 86' lang='lat'><strong>.·</strong></span> <span class='ocrx_word' id='word_1_342' title='bbox 181 4130 239 4168; x_wconf 88' lang='lat' dir='ltr'><strong>cum</strong></span> <span class='ocrx_word' id='word_1_343' title='bbox 250 4119 395 4169; x_wconf 85' lang='lat' dir='ltr'><strong>narratione</strong></span> <span class='ocrx_word' id='word_1_344' title='bbox 405 4120 482 4184; x_wconf 76' lang='lat' dir='ltr'><strong>Moysi</strong></span> <span class='ocrx_word' id='word_1_345' title='bbox 492 4122 665 4184; x_wconf 85' lang='lat' dir='ltr'><strong>consensione,</strong></span> <span class='ocrx_word' id='word_1_346' title='bbox 673 4124 794 4174; x_wconf 86' lang='lat' dir='ltr'><strong>exclamat</strong></span> <span class='ocrx_word' id='word_1_347' title='bbox 805 4138 811 4174; x_wconf 93' lang='lat'>:</span> <span class='ocrx_word' id='word_1_348' title='bbox 824 4141 835 4171; x_wconf 73' lang='lat' dir='ltr'><strong>a</strong></span> <span class='ocrx_word' id='word_1_349' title='bbox 848 4123 1311 4185; x_wconf 74' lang='grc'><strong>51600000001100000110011000000,</strong></span> 
     </span>
     <span class='ocr_line' id='line_1_40' title="bbox 183 4199 1312 4270; baseline 0.004 -21"><span class='ocrx_word' id='word_1_350' title='bbox 183 4199 271 4250; x_wconf 85' lang='lat' dir='ltr'><strong>dirinae</strong></span> <span class='ocrx_word' id='word_1_351' title='bbox 281 4200 389 4264; x_wconf 77' lang='lat' dir='ltr'><strong>originis</strong></span> <span class='ocrx_word' id='word_1_352' title='bbox 399 4201 432 4251; x_wconf 88' lang='lat' dir='ltr'><strong>sit</strong></span> <span class='ocrx_word' id='word_1_353' title='bbox 448 4210 556 4265; x_wconf 88' lang='lat' dir='ltr'><strong>oportet.</strong></span> <span class='ocrx_word' id='word_1_354' title='bbox 573 4204 675 4257; x_wconf 87' lang='lat' dir='ltr'><strong>Etenim</strong></span> <span class='ocrx_word' id='word_1_355' title='bbox 692 4206 857 4270; x_wconf 88' lang='lat' dir='ltr'><strong>antiquorum</strong></span> <span class='ocrx_word' id='word_1_356' title='bbox 872 4219 946 4258; x_wconf 87' lang='lat' dir='ltr'><strong>nemo</strong></span> <span class='ocrx_word' id='word_1_357' title='bbox 957 4206 1005 4256; x_wconf 89' lang='lat' dir='ltr'><strong>nisi</strong></span> <span class='ocrx_word' id='word_1_358' title='bbox 1020 4206 1116 4256; x_wconf 90' lang='lat' dir='ltr'><strong>iumine</strong></span> <span class='ocrx_word' id='word_1_359' title='bbox 1128 4206 1312 4269; x_wconf 86' lang='lat' dir='ltr'><strong>supernaturali</strong></span> 
     </span>
     <span class='ocr_line' id='line_1_41' title="bbox 182 4280 1313 4354; baseline 0.007 -26"><span class='ocrx_word' id='word_1_360' title='bbox 182 4280 321 4333; x_wconf 86' lang='lat' dir='ltr'><strong>illustratus</strong></span> <span class='ocrx_word' id='word_1_361' title='bbox 336 4282 504 4333; x_wconf 87' lang='lat' dir='ltr'><strong>narrationem</strong></span> <span class='ocrx_word' id='word_1_362' title='bbox 516 4284 593 4347; x_wconf 65' lang='lat' dir='ltr'><strong>uersi</strong></span> <span class='ocrx_word' id='word_1_363' title='bbox 605 4286 725 4338; x_wconf 86' lang='lat' dir='ltr'><strong>adornare</strong></span> <span class='ocrx_word' id='word_1_364' title='bbox 737 4289 827 4352; x_wconf 88' lang='lat' dir='ltr'><strong>potuit.</strong></span> <span class='ocrx_word' id='word_1_365' title='bbox 839 4287 942 4351; x_wconf 74' lang='grc'><strong>»(11100,</strong></span> <span class='ocrx_word' id='word_1_366' title='bbox 958 4286 1068 4340; x_wconf 80' lang='lat' dir='ltr'><strong>Maneat</strong></span> <span class='ocrx_word' id='word_1_367' title='bbox 1080 4289 1112 4352; x_wconf 73' lang='lat' dir='ltr'><strong>of</strong></span> <span class='ocrx_word' id='word_1_368' title='bbox 1121 4287 1233 4354; x_wconf 75' lang='lat' dir='ltr'><strong>peciopy.</strong></span> <span class='ocrx_word' id='word_1_369' title='bbox 1252 4287 1313 4337; x_wconf 82' lang='lat' dir='ltr'><strong>Phi-</strong></span> 
     </span>
     <span class='ocr_line' id='line_1_42' title="bbox 183 4362 596 4433; baseline 0.015 -22"><span class='ocrx_word' id='word_1_370' title='bbox 183 4362 315 4433; x_wconf 87' lang='lat' dir='ltr'><strong>ladelpbie,</strong></span> <span class='ocrx_word' id='word_1_371' title='bbox 330 4363 403 4426; x_wconf 80' lang='grc'><strong>1865,</strong></span> <span class='ocrx_word' id='word_1_372' title='bbox 417 4379 441 4428; x_wconf 87' lang='lat' dir='ltr'><strong>p.</strong></span> <span class='ocrx_word' id='word_1_373' title='bbox 458 4368 515 4428; x_wconf 70' lang='lat'><strong>7⁴5,</strong></span> <span class='ocrx_word' id='word_1_374' title='bbox 528 4370 596 4431; x_wconf 86' lang='lat' dir='ltr'><strong>sqq.)</strong></span> 
     </span>
    </p>
   </div>
   <div class='ocr_carea' id='block_1_6' title="bbox 1162 4451 1183 4512">
    <p class='ocr_par' dir='ltr' id='par_1_8' title="bbox 1162 4451 1183 4512">
     <span class='ocr_line' id='line_1_43' title="bbox 1162 4451 1183 4512; baseline 0 0"><span class='ocrx_word' id='word_1_375' title='bbox 1162 4451 1183 4512; x_wconf 81' lang='lat'>5</span> 
     </span>
    </p>
   </div>
   <div class='ocr_carea' id='block_1_7' title="bbox 0 0 1593 4964">
    <p class='ocr_par' dir='ltr' id='par_1_9' title="bbox 0 0 1593 4964">
     <span class='ocr_line' id='line_1_44' title="bbox 0 0 1593 4964; baseline 0 0"><span class='ocrx_word' id='word_1_376' title='bbox 0 0 1593 4964; x_wconf 95' lang='lat' dir='ltr'><strong> </strong></span> 
     </span>
    </p>
   </div>
  </div>
 </body>
</html>
