3168 4948
262 255 325 319 290
474 269 673 316 rnrnooncrro
685 273 832 319 serulus
846 275 880 318 nt
894 276 920 320 s.
939 277 1139 323 semirutas.

261 377 291 441 A
307 376 429 441 Christo
443 364 489 439 ad*
504 371 717 460 apostolatum
733 375 847 459 vocati,
867 397 924 461 per
940 386 1004 442 tres
1023 399 1123 443 annos
1140 376 1290 443 familiari
1313 374 1382 464 ejus

263 478 490 546 consuetudine
512 479 560 545 usi
584 486 667 561 sunt,
685 498 760 541 cum
783 479 852 563 ipso
875 478 1039 545 Galilaeam
1061 490 1094 546 et
1116 479 1262 546 Judaeam
1285 502 1384 567 pera·

262 586 407 671 graiunt,
429 581 498 668 ejus
520 591 551 646 et
574 598 759 646 sermonum
780 589 812 646 et
830 582 1060 649 miraculorum
1080 578 1175 650 testes
1197 583 1326 650 assidui.
1348 587 1387 671 ln

264 690 333 773 ipsa
349 685 506 771 passione,
525 682 604 748 dum
624 684 715 748 lesus
734 684 932 769 capiebatur,
951 684 1081 750 durnin
1100 704 1196 752 crum
1211 685 1386 773 pendebat,

263 790 402 854 loannes
435 787 520 850 testis
550 783 672 850 aderat
699 783 873 869 Redivivus
902 785 1019 852 deinde
1047 787 1188 854 Christus
1215 789 1332 852 loanni
1357 796 1388 851 et

262 892 409 956 Matthaeo
429 889 522 952 simul
544 908 619 952 cum
637 887 706 953 aliis
730 885 891 973 discipulis
914 890 1027 974 sepius
1050 893 1199 976 apparuit
1221 908 1280 976 per
1300 906 1389 977 qua-

261 993 409 1078 draginta
428 991 507 1074 dies,
526 991 635 1075 eisque
651 989 775 1053 locutus
791 1000 837 1054 est
851 988 893 1054 de
913 1012 1011 1076 regno
1028 993 1097 1068 Dei,
1119 992 1223 1058 donec
1240 991 1384 1076 tandem,

200 1158 202 1163 .
261 1099 336 1182 ipsis
352 1094 565 1178 cernentibus,
575 1094 762 1158 elevaretur
778 1093 810 1157 in
834 1094 961 1159 coelum.
988 1095 1099 1161 Merito
1116 1097 1211 1181 igitur
1228 1096 1261 1161 S.
1280 1098 1386 1160 Joan-

261 1220 318 1264 nes
334 1197 382 1286 (l)
398 1199 432 1262 in
450 1197 513 1261 fine
535 1197 584 1260 sui
607 1196 771 1280 Evangelii
793 1195 835 1260 de
859 1199 961 1283 seipso
985 1199 1088 1283 potuit
1109 1197 1217 1264 dicere
1237 1222 1245 1262 r
1265 1201 1324 1263 Hic
1341 1210 1386 1264 est

260 1301 426 1388 disciputus
450 1299 501 1363 illc
524 1301 578 1385 qui
601 1301 803 1363 testimonium
820 1298 958 1384 perhibet
974 1302 1010 1363 de
1032 1301 1093 1375 tta,
1115 1303 1383 1386 ascriptitium,

260 1417 289 1469 et
310 1407 421 1470 scimus
445 1406 517 1488 quio
538 1424 643 1468 oerum
666 1413 710 1465 est
733 1405 934 1467 testimonium
957 1406 1034 1489 ejus.
1054 1406 1092 1468 Et
1108 1405 1184 1469 aliti
1200 1405 1273 1491 (ῆι
1296 1405 1384 1484 Quod

259 1506 373 1591 fuitob
395 1507 493 1578 initio,
512 1504 591 1589 quod
614 1504 795 1577 audiuimus,
817 1505 897 1589 quod
911 1506 1041 1570 vidimata
1057 1504 1149 1571 oculis
1164 1509 1288 1581 nostris,
1304 1507 1384 1591 quod

258 1611 480 1696 perspeximus,
506 1618 539 1670 et
558 1628 670 1670 monus
692 1618 803 1670 nostre
826 1618 1079 1672 contrectaverunt
1101 1609 1138 1672 de
1157 1596 1243 1674 uerbo
1266 1613 1334 1674 otte
1355 1622 1383 1674 et

259 1722 403 1776 testamur
419 1721 447 1773 et
462 1710 679 1772 annuntiamus
691 1706 784 1773 volite
801 1708 940 1773 Narrant
952 1711 1046 1795 igitur
1062 1732 1126 1774 non
1138 1711 1325 1797 quaeobiter
1339 1714 1382 1779 ab

259 1814 334 1899 ipsis
347 1815 413 1878 visa
429 1820 483 1876 aut
500 1809 622 1897 absque
638 1809 804 1875 sufficienti
819 1813 990 1876 attentione
1003 1823 1153 1900 percepta
1169 1815 1310 1900 inerunt,
1324 1816 1382 1881 sed

259 1916 409 1980 caeliam
430 1934 567 2000 quorum
581 1933 655 1997 pars
673 1932 791 1997 magna
809 1913 938 1978 fuerunt
953 1925 986 1978 et
1006 1936 1077 2002 quae
1095 1926 1243 1982 accurate
1258 1940 1382 2007 cognoff

258 2044 347 2087 scere
363 2021 480 2084 nullius
498 2019 598 2104 pluris
611 2036 709 2103 quam
721 2038 834 2082 eorum
851 2020 1013 2083 intererat.

303 2126 334 2188 4.
365 2124 543 2188 Narrarunt
565 2118 695 2205 quidem
718 2121 882 2185 Matthaeus
903 2131 934 2185 ct
955 2121 1094 2187 loannes
1117 2126 1211 2209 plura
1234 2123 1275 2189 dc
1299 2147 1381 2190 con-

259 2229 416 2313 ceptione,
435 2225 608 2305 nativitate,
627 2222 761 2286 infantia
778 2233 808 2286 et
825 2225 960 2308 pueritia
979 2224 1104 2309 Christi,
1119 2224 1159 2291 de
1176 2225 1246 2312 ejus
1259 2227 1381 2312 baptis·

258 2352 312 2395 mo
339 2351 378 2394 ac
400 2327 538 2414 jejunio,
561 2341 643 2412 quae,
673 2335 847 2412 antequam
875 2327 904 2390 ei
932 2320 1142 2412 adhaererent,
1173 2339 1260 2415 gesta
1282 2340 1379 2415 sunt,

258 2430 376 2518 quibus
394 2431 489 2514 igitur
506 2436 674 2513 praesentes
698 2430 763 2491 non
784 2428 1006 2494 interfuerunt.
1025 2428 1070 2494 Ea
1089 2442 1197 2497 autem
1217 2435 1381 2519 requirere

259 2540 430 2618 potuerunt
443 2553 461 2594 a
474 2529 604 2594 testibus
618 2527 679 2592 fide
691 2527 806 2613 dignis,
819 2530 884 2594 sive
896 2552 914 2596 a
928 2531 1026 2596 Beata
1038 2532 1179 2619 Virgine,
1194 2557 1212 2599 a
1225 2536 1244 2598 J
1246 2537 1379 2621 osepho,

257 2636 418 2718 Simeone,
435 2634 558 2696 Joanne
572 2630 712 2715 Baptista
727 2629 859 2717 ejusque
871 2631 1044 2718 discipulis,
1060 2635 1124 2699 sive
1138 2636 1181 2701 ab
1197 2638 1265 2722 ipso
1284 2637 1379 2702 Chri·

257 2748 318 2823 sto,
341 2739 481 2824 quiens,
502 2742 572 2820 post
588 2734 852 2798 resurrectionem
875 2757 977 2820 suam,
998 2759 1126 2801 omnem
1149 2741 1378 2825 revelationem

258 2839 386 2906 edocuit
400 2861 457 2924 per
481 2838 544 2901 dies
570 2835 773 2921 ‘quodraginta
796 2857 947 2923 appareas
970 2842 1012 2904 eis
1036 2851 1065 2904 et
1087 2839 1210 2926 loquens
1225 2843 1261 2905 de
1285 2864 1377 2928 rapoto

257 2942 342 3029 Det(
366 2941 389 3026 ).

302 3044 333 3111 5.
360 3046 484 3109 Marcus
506 3051 614 3106 autem
637 3046 668 3105 et
693 3040 793 3105 anas
821 3050 914 3106 testes
944 3042 1075 3130 quidem
1102 3045 1277 3111 immediati
1310 3068 1377 3111 non

257 3150 399 3229 fuerunt,
418 3143 473 3209 sed
489 3144 586 3208 abiis
607 3145 663 3229 qui
679 3142 824 3207 viderant
842 3154 872 3208 et
889 3144 1056 3211 audierant
1080 3149 1251 3212 certissime
1274 3147 1379 3213 edocti

257 3259 342 3314 sunt.
362 3250 499 3328 Marcus,
517 3244 689 3330 discipulus
705 3255 736 3308 et
750 3244 905 3331 interpres
921 3247 1016 3332 Petri,
1028 3248 1122 3335 juxta
1143 3250 1230 3336 quod
1247 3253 1378 3315 Petrum

258 3354 450 3417 referentem
473 3350 618 3414 audierat
641 3351 789 3435 scripsit,
816 3350 856 3417 de
880 3374 918 3416 eo
942 3355 1140 3438 potissimum
1163 3358 1314 3422 sollicitus
1338 3378 1379 3421 ne

288 3641 475 3708 (litlintona.
489 3640 509 3702 l,
526 3642 565 3702 ll;
579 3641 619 3703 ΙΙΙ,
632 3639 674 3703 323
688 3639 741 3702 llll,
758 3641 797 3692 tt.

289 3726 325 3790 lt)
338 3726 414 3776 Joao.
425 3724 489 3785 xxi,
502 3723 543 3773 tt.
557 3723 608 3774 Clr.
623 3723 642 3785 l,
659 3724 700 3773 tl.

289 3811 325 3873 (3)
341 3811 399 3860 Act.
409 3807 429 3869 l,
447 3807 472 3856 5.
491 3806 613 3857 Praeclare
626 3807 652 3855 in
673 3806 736 3857 hanc
750 3808 899 3860 sententiam
912 3810 1070 3874 Augustinus
1082 3811 1127 3877 (De
1139 3812 1218 3864 Coos.
1234 3815 1299 3866 Eoo.
1315 3816 1335 3874 l,
1352 3819 1377 3883 l)

254 3894 337 3945 dixit:
354 3910 366 3938 r
383 3891 427 3955 qui
437 3889 623 3953 (Evangelistaa)
636 3902 685 3939 uon
696 3891 776 3940 solum
792 3903 822 3941 ea
835 3905 893 3956 quae
907 3905 938 3943 ex
952 3907 995 3944 ore
1010 3894 1066 3957 ejus
1078 3895 1190 3961 (Christi)
1201 3898 1284 3950 audita
1297 3900 1377 3951 veleb

254 3978 298 4028 illo
309 3975 357 4027 sub
370 3974 450 4025 oculis
461 3973 515 4022 suis
525 3979 636 4035 operata,
646 3972 713 4022 dicta
725 3979 751 4022 et
763 3972 836 4034 iada,
849 3975 1025 4038 meminerant
1038 3991 1125 4028 varum
1135 3979 1211 4030 etiam
1221 3994 1279 4045 quae
1292 3983 1378 4046 prius·

253 4071 330 4122 quam
344 4058 380 4106 illi
391 4069 437 4118 per
448 4054 625 4117 discipulatum
639 4054 804 4115 adhaeserant,
817 4055 843 4104 in
857 4056 913 4118 eius
928 4057 1068 4119 nativitate,
1081 4060 1119 4109 val
1132 4059 1246 4124 infantia,
1261 4064 1300 4113 vel
1312 4077 1378 4127 pue-

255 4141 323 4200 ritia,
334 4137 456 4189 divinitus
465 4142 535 4198 gesta
547 4143 572 4184 et
584 4135 658 4199 digna
670 4137 798 4197 memoria,
810 4137 862 4188 siva
873 4138 904 4187 alt
916 4138 971 4201 ipso
983 4139 1035 4190 sive
1052 4154 1065 4190 u
1083 4143 1229 4205 parentibus
1245 4146 1310 4209 ej'us,
1325 4146 1377 4198 sive

254 4235 270 4272 a
288 4220 443 4286 quibuslibet
452 4217 517 4280 aliis,
529 4218 677 4268 certissimis
689 4218 787 4269 indiciis
805 4226 832 4269 et
850 4218 1000 4272 fidelissimis
1019 4223 1169 4275 testimoniis
1186 4229 1317 4291 requirere
1330 4244 1377 4294 po-

256 4308 369 4353 tuerunt.
383 4319 395 4349 r
768 4324 770 4327 ·
