3132 4964
267 275 309 339 94
485 295 683 338 rnrnooucrro
702 294 848 338 srrcraus
866 294 898 336 ιιι
917 294 943 336 ε.
958 294 1158 337 scmrrunau.

94 412 154 496 q„
160 426 225 475 „a
229 402 329 482 que
346 395 486 461 sociavit.
502 396 578 459 Erat
589 404 664 460 tnnc
678 415 746 479 regr
737 393 898 457 Assnero
915 402 1022 477 gratus
1040 394 1088 456 vir
1102 391 1246 480 quidam,
1260 395 1398 459 nomine

198 501 383 582 Μιιιιιιι,
401 499 456 583 qui
476 498 601 561 ruinam
623 498 765 561 omnium
783 494 967 560 ludaeorum
983 496 1122 579 molitus,
1145 518 1164 560 a
1181 518 1256 582 rege
1271 500 1399 563 rescri-

207 609 355 707 ‘ptum
379 602 525 686 aceepit,
557 622 622 685 quo
645 621 755 664 omnes
777 598 879 662 Judaei
902 599 1110 664 internecioni
1134 599 1394 665 devorabantur.

183 742 244 779 a
186 665 483 843 izMardoehaeus
507 713 627 785 autem,
652 702 791 766 Estheris
807 702 996 784 avunculus,
1024 701 1079 787 qui
1097 700 1168 787 jam
1192 701 1400 788 conjuratio-

232 794 340 881 ,nem
363 803 516 869 adversus
539 807 637 869 vitam
665 804 748 890 regis
770 804 971 867 efformatam
995 803 1133 868 Assuero
1159 803 1327 887 indicarat,
1351 803 1398 868 de
1443 826 1450 839 ³
1524 880 1529 891 .

96 809 179 959 llll*
167 824 256 955 ‘ild
266 928 425 993 perverso
440 908 556 971 Amani
579 908 710 972 consilio
734 904 876 989 edoctus,
901 927 969 970 rem
997 906 1120 970 Estheri
1139 909 1285 991 aperuit.
1283 907 1397 989 Quae,
1456 932 1464 997 j

266 1031 340 1074 eum
369 1030 478 1095 regem
508 1009 646 1092 adiisset,
669 1008 771 1073 abeo
799 1007 935 1072 obtinuit
963 1018 999 1071 ut
1026 1007 1165 1073 edictum
1189 1021 1401 1075 revocaretur
1507 994 1513 1011 Χ

263 1114 435 1199 hostesque
446 1112 631 1179 ludaeorrun
645 1133 718 1176 cum
735 1112 803 1196 ipso
818 1111 944 1177 Amano
961 1121 1063 1176 morte
1079 1113 1280 1196 punirentur.
1300 1111 1401 1194 Quod
1437 1112 1440 1123 '

265 1224 296 1278 et
318 1215 514 1279 factumest.
542 1211 760 1278 Mardochaeus
777 1222 891 1291 autem
915 1214 1047 1295 summis
1070 1212 1246 1277 honoribus
1269 1213 1401 1278 benefi-

266 1319 416 1403 ciisqnca
433 1337 508 1401 rege
525 1318 704 1381 cumulatus
727 1315 798 1380 luit.
818 1316 856 1379 In
876 1314 972 1401 hujus
987 1315 1184 1380 liberationis
1206 1319 1404 1395 memoriam

265 1419 367 1483 Jndaei
381 1422 582 1484 instituerunt
596 1419 712 1501 [vernaret
730 1416 868 1504 Sort'um
886 1417 973 1504 quod
988 1418 1139 1482 hebraice
1159 1436 1253 1503 ott-ts,
1270 1420 1400 1494 Parim,

266 1498 390 1621 dicitu]
406 1522 482 1586 Hae
493 1531 566 1586 sunt
581 1541 652 1607 quae
664 1530 754 1605 parte
771 1520 866 1607 hujus
880 1521 952 1586 libri
965 1521 1116 1586 hebraice
1130 1525 1244 1607 scripta
1259 1523 1347 1610 (I-X,
1363 1522 1400 1609 ὅ)

266 1627 479 1689 continentur.
494 1626 532 1688 In
545 1626 690 1688 versione
704 1623 737 1687 S.
753 1623 950 1710 Hieronymi,
966 1645 1036 1709 quaa
1048 1626 1081 1689 in
1094 1625 1232 1710 Vulgata
1244 1626 1398 1709 babetur,
1472 1618 1477 1622 ⁵
1529 1682 1535 1689 .

266 1726 430 1793 adduntur
444 1728 603 1797 somnium
620 1724 824 1808 Mardoehaei,
839 1724 1017 1811 conjuratio
1032 1726 1074 1790 ab
1090 1727 1158 1812 ipso
1171 1726 1307 1811 detecta,
1326 1726 1399 1793 edi·
1421 1785 1425 1790 .

269 1840 355 1894 ctum
379 1830 422 1894 ab
442 1829 567 1894 Amano
583 1827 736 1894 adversus
752 1828 878 1893 Judaeos
896 1829 1008 1913 latum,
1030 1831 1187 1895 orationes
1203 1830 1400 1899 blardochaei

269 1942 364 2017 atque
377 1933 527 2015 Estheris,
543 1932 633 2017 eujus
645 1933 803 2017 ingressus
815 1930 857 1996 ad
871 1953 981 2017 regem
991 1932 1130 1996 refertur
1143 1931 1400 2018 mandatumque
1481 1995 1484 2001 ,

270 2037 352 2122 regis
368 2059 427 2122 pro
443 2039 543 2112 salute
566 2033 750 2100 Judaeorum
774 2034 975 2100 describitur.
994 2036 1072 2117 Quae
1095 2038 1201 2100 omnia
1225 2058 1244 2099 a
1261 2058 1333 2122 cap.
1353 2038 1398 2120 X,
1489 2114 1492 2119 .

270 2142 397 2224 axvi,
417 2140 477 2205 sub
492 2141 621 2205 nomine
636 2161 655 2203 a
673 2138 819 2224 pluribus
838 2148 990 2224 usurpato
1013 2137 1306 2204 additamentorum
1324 2140 1402 2205 libri

272 2243 429 2324 Estheris,
462 2245 593 2307 veniunt
615 2251 805 2327 partemque
827 2240 1149 2306 deuterocauonicam
1172 2240 1268 2329 hujus
1290 2244 1403 2328 scripti
1488 2228 1492 2238 ¹

271 2345 451 2410 efformant.
633 2410 635 2417 ,

314 2449 344 2510 2.
372 2448 517 2509 Historiae
537 2457 621 2513 retae.
647 2446 795 2527 Quonam
817 2455 961 2530 tempore
985 2447 1148 2510 evenerint
1171 2468 1241 2532 quae
1263 2447 1295 2509 in
1315 2446 1401 2511 libro

270 2548 408 2613 Estheris
427 2542 679 2646 narranturgvel
696 2548 767 2634 quis
789 2569 845 2611 rex
862 2548 1032 2612 Persarum
1050 2548 1178 2613 Assneri
1202 2550 1250 2635 (l)
1268 2552 1400 2616 nomine

271 2652 303 2714 in
339 2651 508 2735 Scriptnris
536 2649 719 2744 designatus
751 2651 864 2731 fuerit,
900 2652 1174 2751 controvertitur.)
1187 2652 1248 2733 Qui
1276 2652 1400 2717 librum

270 2754 409 2818 Estheris
424 2774 526 2838 graece
547 2754 648 2837 vertit,
668 2754 782 2818 saeculo
800 2751 940 2817 secundo
965 2754 1226 2836 antechristum,
1245 2764 1276 2818 et
1295 2754 1400 2819 Jndaei

271 2857 420 2921 coaetanei
434 2857 562 2919 nomine
579 2854 707 2919 Assueri
722 2854 931 2919 Artaxerxem
948 2855 1194 2940 intellexerunt;
1214 2878 1301 2941 nam,
1322 2857 1398 2921 ubi-

271 2980 409 3045 cumque
431 2957 586 3023 Assuerus
609 2957 759 3023 hebraice
781 2957 921 3043 ponitur,
948 2959 1048 3022 versio
1065 2979 1168 3042 graeca
1187 2957 1399 3024 Artaxerxem

268 3063 378 3128 habet.
408 3062 589 3143 Quemnam
613 3083 689 3126 vero
720 3083 758 3125 ex
786 3060 886 3124 tribus
906 3060 1076 3124 Persarum
1103 3042 1400 3147 regibus-quibos
1470 3058 1473 3063 ’

270 3186 387 3230 nomen
412 3173 576 3249 gesserunt
606 3163 774 3248 designare
803 3163 939 3226 voluerit
964 3172 1076 3226 auctor
1104 3163 1257 3227 versionis
1288 3183 1400 3248 graeeae
1453 3170 1455 3173 ’

270 3269 375 3331 minus
393 3276 438 3330 est
454 3268 669 3352 perspicuum.
691 3266 849 3350 Cogitasse
865 3273 987 3329 veteres
1009 3263 1135 3329 ludaeos
1159 3264 1199 3329 de
1223 3265 1400 3333 Artaxerxe

270 3372 467 3454 longimano
486 3370 591 3453 colligi
609 3391 700 3455 posse
720 3367 845 3433 videtur
861 3387 899 3430 ex
915 3388 953 3431 eo
972 3366 1059 3453 quod
1078 3367 1235 3452 Josephus
1250 3369 1299 3454 (ι)
1312 3371 1406 3453 hunc

271 3493 380 3557 regem
396 3471 719 3558 Estheris‘eonjugem
732 3472 829 3536 fuisse
845 3467 961 3532 diserte
978 3468 1084 3533 tradit.
1104 3470 1253 3555 Plerique
1266 3471 1401 3536 Petrum

270 3576 449 3643 versionem
475 3593 611 3657 graeeam
640 3575 738 3641 secuti
764 3580 848 3636 sunt.
874 3570 1028 3635 Eusebius
1055 3581 1163 3635 autem
1189 3572 1222 3635 in
1241 3573 1401 3638 Chronico

272 3680 445 3743 Assuerum
458 3676 570 3741 habuit
582 3698 641 3761 pro
654 3678 829 3741 Artaxerxe
840 3670 1021 3738 Mnemone.
1035 3676 1081 3738 Ex
1096 3674 1327 3739 recentioribus
1336 3676 1400 3740 Jo-

272 3782 371 3867 sepho
387 3778 585 3844 adhaeserunt
605 3781 713 3864 plures
732 3780 815 3841 inter
835 3795 915 3859 quos
935 3775 1049 3839 Nickes
1066 3784 1209 3838 recenset
1225 3776 1401 3850 Bellarmi-

93 574 157 631 ιιιι
149 538 249 703 tigal

88 664 158 775 ’χιιι

304 3992 340 4054 (1)
359 3990 432 4042 Sient
445 3990 581 4041 Pharaonis
599 3988 734 4054 appellatio
751 3989 855 4051 regibus
869 3986 1011 4053 AEgyptiis‚
1025 3986 1060 4037 ita
1076 3987 1179 4041 Assueri
1193 3972 1284 4039 nornen
1297 3986 1404 4049 mathus

271 4072 355 4124 Persis
370 4079 396 4122 et
410 4072 490 4122 Medis
503 4084 638 4123 commune
653 4070 730 4119 fuisse
744 4070 855 4120 videtur.
871 4069 933 4118 ttam
947 4068 973 4116 in
987 4067 1052 4117 libro
1068 4067 1133 4118 Dan.
1154 4067 1195 4129 lX,
1214 4071 1236 4118 t.
1250 4065 1317 4118 Darii
1331 4066 1402 4118 Medi
1495 4136 1499 4141 Δ

271 4161 352 4216 nater.
369 4166 415 4205 seu
438 4154 567 4217 Astyages,
592 4154 716 4204 Assuerus
738 4158 862 4213 vocatnr3
888 4150 901 4200 l
925 4150 1001 4200 Esar.
1025 4148 1066 4211 lV,
1089 4149 1181 4214 ecyn
1199 4162 1335 4209 successor,
1353 4162 1402 4200 seu

272 4235 415 4298 Cambyses,
428 4238 531 4286 assueri
542 4249 635 4287 nomen
647 4234 731 4286 habet.

304 4316 339 4380 ιι)
356 4319 481 4382 antiquit.
494 4318 510 4367 l.
523 4316 564 4379 xl,
576 4331 597 4367 e.
612 4315 637 4369 6.
