3168 4948
256 313 331 357 PARS
343 314 378 355 11.
397 308 490 355 CAPUT
503 313 550 355 111.
569 312 607 353 DE
618 309 741 354 euterun
754 311 788 351 ET
799 310 958 354 lucrosis.
974 312 1017 355 Ν.
1035 312 1166 357 BVANGG.
1215 293 1275 357 501

152 421 271 476 attente
291 413 449 497 prosecuti
469 419 552 475 sunt.
575 411 644 474 Imo
667 411 734 494 ipse
757 408 916 494 Augustus
936 410 968 472 in
992 431 1153 475 marmore
1169 411 1278 497 Ancy-

152 535 231 578 rano
256 513 364 578 scribit
391 535 503 578 census
527 522 614 576 tera
641 532 673 575 se
703 520 847 596 peractos
859 535 869 594 3
890 520 1003 576 neuter
1032 534 1128 597 porro
1152 535 1191 577 ex
1216 514 1280 577 istis

153 616 300 682 censibus
314 617 461 680 convenit
475 624 548 679 cum
561 621 738 677 memorato
751 614 864 677 aLuca
878 611 1114 679 decreto.Errat
1127 626 1281 701 praeterea

154 720 256 783 Lucas
276 717 446 783 asserendo
462 716 708 801 descriptionem
723 716 813 779 illam
834 716 952 780 factam
976 716 1035 780 suh
1051 717 1176 803 Cyrino.
1200 719 1281 782 Nam

154 822 282 885 Flavius
294 822 450 906 Josephus
468 819 517 906 (1)
530 819 646 884 diserte
663 817 760 882 tradit
776 817 925 904 Cyrinum
943 820 1167 904 prefecturam
1187 821 1282 907 Syriae

155 925 329 1008 suscepisse
353 933 424 1008 post
445 922 576 986 exilium
600 921 774 1002 Archelai,
805 920 918 984 decem
944 922 1068 986 circiter
1097 925 1189 988 aunis
1212 936 1283 1009 post

157 1036 268 1091 natum
295 1027 465 1091 Christum.
491 1026 523 1088 Si
543 1035 651 1089 autem
671 1025 740 1088 haec
768 1025 849 1087 falsa
876 1034 948 1088 sunt
972 1024 1085 1090 eodem
1107 1026 1179 1113 jure
1203 1029 1283 1092 laisa

157 1128 307 1193 habenda
328 1139 375 1193 est
404 1130 535 1192 historia
561 1129 729 1192 nativitatis
757 1128 869 1193 Christi
899 1129 931 1190 in
961 1128 1151 1214 Bethleem,
1176 1140 1284 1216 utpote

159 1253 231 1318 qnoe
247 1232 297 1296 his
312 1232 480 1317 praemissis
496 1240 561 1295 tota
576 1231 729 1294 innititur.
749 1231 797 1293 Ita
813 1231 947 1312 Strauss,
968 1229 1135 1315 d'Eiehtal,
1153 1234 1219 1297 alii.

204 1338 236 1399 2.
269 1336 359 1418 Resp.
385 1335 533 1399 Narratio
563 1335 655 1397 Lucae
684 1333 864 1397 certissimis
887 1334 1082 1419 antiquitatis
1102 1338 1286 1400 testimoniis

162 1436 400 1523 comprobatur.
423 1438 547 1501 Etenim
565 1437 597 1499 S.
620 1437 759 1500 Justinus
772 1436 831 1521 (2),
854 1437 885 1498 in
900 1437 1066 1501 Palaestina
1082 1439 1210 1503 ineunte
1228 1460 1286 1503 sae-

163 1542 235 1606 culo
259 1541 289 1602 Il
316 1549 420 1622 natuS,
445 1542 477 1603 in
501 1539 663 1624 Apolopin,
689 1559 787 1624 quam
809 1540 1007 1624 imperatori,
1034 1542 1233 1606 senatoribus
1258 1552 1289 1607 et

163 1643 283 1729 populo
312 1662 446 1708 romano
468 1640 593 1716 direxit,
612 1642 679 1706 haec
694 1651 848 1727 tanquam
869 1643 1016 1707 omnibus
1033 1647 1205 1710 certissima
1222 1657 1289 1711 tra-

163 1744 232 1809 dit:
256 1745 450 1809 «Bethleem
473 1754 520 1808 est
543 1746 632 1808 vicus
650 1742 781 1830 quidam
806 1746 838 1808 in
856 1754 940 1808 terra
963 1745 1160 1833 Judaeorum,
1182 1749 1289 1814 stadiis

165 1849 293 1932 triginta
309 1848 451 1933 quinque
466 1847 670 1932 ierosolymis
687 1845 816 1927 distans,
831 1845 886 1910 uhi
910 1856 1001 1910 natus
1018 1858 1064 1911 est
1082 1850 1172 1914 Jesus
1195 1851 1290 1915 Chri-

166 1960 255 2033 stuS,
280 1948 555 2035 quemadmodum
578 1958 610 2013 et
633 1970 673 2013 ex
697 1949 945 2032 descriptionibus
968 1951 1163 2041 (nneypequn)
1187 1976 1291 2018 rericus

166 2054 279 2118 discere
297 2056 423 2137 potestis
446 2074 512 2138 quoe
538 2053 592 2117 sub
621 2051 751 2138 Cyrenis
774 2053 847 2136 (5),
874 2056 975 2136 primo
1003 2066 1097 2119 uestro
1129 2060 1160 2119 in
1182 2059 1291 2121 Judoeu

167 2156 319 2239 preside,
351 2157 488 2239 conferte
516 2166 597 2220 stent.
627 2181 641 2215 »
668 2154 767 2218 Porro
792 2152 1037 2238 descriptionem
1066 2156 1125 2221 suh
1149 2158 1291 2243 Augusto

168 2259 288 2323 laetam
302 2260 366 2322 imo
383 2268 414 2322 et
430 2260 463 2322 in
476 2259 612 2323 archivis
623 2258 764 2321 romanis
777 2258 947 2341 repositam
960 2257 1075 2322 diserte
1092 2261 1187 2323 etiam
1202 2283 1292 2325 asse-

170 2362 212 2424 rit
224 2363 435 2425 Tertullianus
447 2382 582 2446 eamque
595 2361 768 2424 Dominicae
781 2361 812 2422 in
826 2360 990 2423 Bethleem
1007 2362 1176 2426 nativitatis
1192 2375 1292 2427 testem

169 2465 379 2549 fidelissimum
408 2473 510 2529 vocat.
532 2463 629 2528 «Sed
653 2473 684 2527 et
707 2484 831 2545 census,
857 2464 960 2548 inquit
983 2464 1042 2550 (4),
1063 2475 1184 2530 constat
1207 2477 1294 2531 actos

172 2566 232 2630 suh
258 2566 399 2652 Augusto
427 2568 460 2630 in
479 2565 589 2630 Judoea
613 2588 671 2651 per
700 2566 842 2630 Sentium
866 2566 1084 2648 Saturninum,
1105 2567 1191 2653 apud
1215 2591 1295 2655 quos
1366 2592 1368 2595 ·

141 2734 144 2737 ,
171 2689 271 2753 genus
283 2667 352 2754 ejus
366 2668 506 2754 (Christi)
523 2670 689 2754 exquirere
706 2669 890 2754 potuissent.
910 2694 923 2727 n
945 2693 960 2726 a
979 2669 1025 2732 De
1042 2691 1139 2734 censu
1157 2669 1295 2757 denique

172 2768 317 2854 Augusti,
344 2791 440 2855 quem
462 2779 572 2834 testem
601 2770 820 2834 fidelissimum
842 2771 1015 2834 Dominicae
1039 2773 1209 2836 nativitatis
1238 2796 1295 2839 ro-

172 2893 269 2936 mana
289 2874 420 2937 archiva
441 2871 632 2937 custodiunt.
655 2899 670 2934 »
694 2897 708 2931 n
729 2873 800 2936 Fuit
817 2872 984 2957 (Christus)
1009 2872 1049 2936 de
1070 2877 1173 2958 patria
1195 2876 1297 2939 Beth-

173 2978 258 3040 leem
274 2975 357 3041 etde
370 2975 466 3040 domo
481 2975 596 3059 David,
611 2977 690 3040 sicut
704 2974 790 3061 apud
805 2977 968 3040 Romanos
980 2976 1012 3039 in
1029 2997 1126 3040 censu
1139 2976 1297 3063 descripta

175 3090 222 3143 est
238 3080 349 3162 Maria,
368 3101 406 3142 ex
418 3100 481 3163 qua
494 3080 633 3143 nascitur
645 3079 796 3144 Christus.
815 3105 829 3139 n

219 3181 251 3244 5.
270 3181 368 3245 Silent
392 3180 521 3266 quidem
542 3181 582 3246 de
598 3182 730 3267 Augusti
748 3180 875 3246 decreto
892 3182 1027 3264 Tacitus,
1045 3183 1224 3268 Suetonius,
1239 3187 1298 3249 Dio

177 3284 299 3348 Cassius
323 3293 354 3347 et
377 3286 443 3370 ipse
467 3287 638 3369 Augustus.
658 3285 807 3348 Fatemur
830 3286 925 3347 etiam
945 3285 1034 3348 illam
1053 3283 1298 3372 descriptionem
1337 3300 1342 3307 ‘

214 3591 250 3653 (1)
260 3591 364 3654 Antiqq.
377 3589 395 3638 l.
408 3587 492 3648 XVlll,
503 3600 526 3637 c.
539 3585 558 3647 l,
570 3589 593 3638 l.

215 3671 250 3731 (2)
265 3671 373 3736 Apotop.
387 3669 407 3731 l,
420 3671 460 3720 54.
476 3669 544 3722 idem
559 3672 648 3722 asserit
663 3672 688 3721 in
704 3671 772 3722 Diui.
787 3686 845 3722 cunr
865 3673 953 3737 Tripl.
970 3687 995 3723 n.
1010 3675 1041 3725 78
1056 3689 1062 3723 :
1080 3674 1227 3737 «loseph...
1242 3684 1300 3722 cum

181 3761 243 3803 tune
253 3752 280 3802 iu
289 3752 374 3803 todeca
387 3751 522 3815 descriptio
537 3760 701 3816 perageretur
712 3753 792 3816 prima
803 3755 850 3804 suh
866 3754 981 3817 (luecio,
995 3768 1026 3805 ea
1041 3756 1132 3818 oppido
1147 3756 1261 3812 Nazaret,
1276 3752 1301 3800 in

182 3851 233 3900 quo
244 3836 360 3898 deuehet,
378 3835 517 3895 Bethleem,
535 3836 603 3887 unde
617 3836 740 3886 oriundus
753 3843 817 3897 erat,
835 3836 961 3899 proiectus
975 3845 1014 3888 est
1033 3844 1061 3888 ut
1075 3837 1300 3887 describeretur...

182 3922 244 3970 Nato
257 3925 342 3969 autem
357 3917 487 3967 Bethleem
498 3930 587 3979 puero,
601 3930 659 3968 cum
675 3918 765 3980 loseph
779 3919 805 3968 in
816 3919 863 3968 hoe
878 3920 931 3969 vico
941 3932 989 3969 non
1004 3919 1116 3980 haberet,
1131 3932 1182 3982 quo
1191 3918 1302 3968 diverte·

175 4008 231 4063 ret,
244 4004 270 4052 in
281 4012 386 4063 specum
396 3998 530 4062 quemdam
545 4001 598 4050 uteo
611 4000 753 4062 proximum
765 4002 919 4052 concessit.»

216 4085 251 4147 (ὅ)
267 4083 372 4133 Graece:
386 4088 482 4148 Kapan
503 4081 650 4143 Quirinius,
665 4082 797 4143 Quirinus,
814 4083 936 4143 Cpr-inus.

217 4164 251 4227 (l)
265 4164 331 4214 Ado.
348 4162 476 4213 Marcion.
488 4162 529 4235 lv,
539 4164 564 4222 7,
578 4162 616 4213 19.
628 4161 679 4212 Cir.
693 4163 816 4213 Decerne
829 4165 927 4215 Carini
938 4164 962 4225 “A
975 4165 1040 4214 Ado.
1053 4164 1164 4214 Jrn'oeus.
1177 4164 1303 4214 Bethleem

184 4255 271 4299 natum
290 4259 345 4297 esse
363 4245 492 4296 Christum
508 4252 621 4309 tempore
644 4244 760 4309 origenis
778 4260 874 4305 omnes,
893 4247 967 4299 etiam
984 4248 1042 4297 thiel
1064 4249 1155 4309 hostes,
1173 4247 1302 4297 tenebant.

185 4331 288 4396 origen.
304 4328 403 4380 Contra
420 4327 486 4378 Cels.
498 4328 518 4392 l,
531 4328 572 4387 5¹3
586 4326 638 4379 Cir.
655 4327 787 4392 Eusebius,
803 4329 839 4380 De
860 4329 916 4380 t'ila
931 4329 1066 4380 Corrsluut.
1084 4329 1125 4390 ill,
1140 4330 1182 4387 tt,
1196 4328 1238 4378 ts.

1136 4413 1177 4476 14
