3166 4958
300 332 362 395 tat
471 342 474 347 ’
519 352 719 395 rnraooucno
737 353 884 395 sancionis
900 355 931 395 m
950 355 974 396 s.
995 353 1194 397 scararunan.

299 471 401 534 graeca
426 451 497 515 libri
522 452 627 516 Tobiae
654 452 741 535 xiv,
760 453 931 537 elegimus
954 476 961 515 :
990 453 1072 517 Tolle
1095 454 1176 539 filios
1201 465 1276 527 tuos,
1301 466 1329 518 et
1353 453 1429 518 ende

298 554 332 613 in
356 554 509 627 Mediam,
534 553 585 638 fili
596 578 611 637 ,·
634 558 698 619 ecio
717 558 797 617 enim
822 577 889 640 quoe
911 555 1025 620 locatae
1048 569 1091 620 eet
1114 558 1211 621 Jonas·
1232 558 1268 620 de
1290 558 1424 632 Ninive,

297 659 440 741 quoniam
467 657 683 735 eniomtetnr·;
704 659 736 721 in
760 661 907 723 versione
930 669 1038 724 autem
1060 660 1197 744 Vulgata
1226 682 1291 724 non
1315 661 1425 725 nomi-

298 756 392 821 natur
406 759 567 844 Propheta
582 761 636 846 qni
654 761 782 824 ruinam
805 761 925 824 Ninivis
943 760 1134 846 predixerit.
1153 763 1242 826 Jonae
1257 763 1425 826 historiam

291 861 395 925 'refert
406 863 562 949 Josephus
575 864 622 950 (1)
638 885 774 949 eamque
791 865 851 928 sub
863 865 1057 929 Jeroboamo
1073 867 1101 929 Π
1118 887 1193 951 rege
1207 867 1304 930 lsrael
1322 867 1425 930 collo·

297 973 358 1046 cat,
379 964 472 1050 juxta
501 966 534 1030 id
558 967 645 1053 quod
672 988 768 1051 supra
794 969 974 1031 notavimus
999 990 1036 1032 ex
1061 969 1150 1032 libris
1172 970 1311 1053 Regum.
1337 968 1424 1033 lllud

296 1070 391 1132 etiam
406 1069 582 1135 notandum
595 1070 847 1135 Mahumedanos
862 1072 1052 1135 memoriam
1066 1071 1155 1136 Jonae
1167 1070 1215 1156 (ἢ)
1231 1092 1373 1136 servasse
1393 1082 1426 1161 et

294 1170 490 1236 habitatores
503 1174 642 1259 antiquae
655 1171 788 1258 Assyria
802 1195 903 1258 prope
923 1174 1094 1237 Mossulam
1112 1172 1219 1238 adhuc
1236 1172 1330 1237 hodie
1348 1195 1425 1238 me-

294 1276 430 1338 moriam
445 1276 533 1340 lone
547 1286 582 1359 et
586 1274 703 1362 jejunii
719 1276 930 1339 Ninivitarum
950 1277 1056 1341 colere
1068 1267 1202 1362 ejusque
1215 1277 1424 1363 sepulchrum

294 1379 337 1442 ibi
355 1379 523 1444 ostendere
540 1380 600 1466 (5).

338 1483 389 1546 17.
427 1482 586 1564 Quaeritur
619 1506 717 1569 porro
753 1484 901 1570 quisnam
931 1483 1026 1567 piscis
1047 1483 1163 1547 Jonam
1186 1481 1426 1567 deglutiverit?

292 1586 455 1670 Scriptura
477 1588 620 1671 generali
642 1587 856 1672 appellatione
887 1587 964 1650 dicit
993 1587 1089 1649 fuisse
1120 1586 1240 1670 piscem
1264 1585 1425 1670 grandem

292 1691 379 1775 (iota
394 1691 436 1772 ll,
452 1690 496 1773 1),
517 1690 612 1753 luisse
637 1698 741 1753 cetum
759 1690 880 1776 (Martia
900 1691 972 1770 Xll,
991 1688 1059 1772 tn),
1078 1688 1138 1752 sub
1151 1710 1214 1774 qua
1229 1686 1425 1753 denomina-

291 1794 377 1856 tione
402 1814 491 1879 aeque
516 1794 647 1857 veniunt
667 1793 803 1877 balaena,
826 1793 871 1879 (lc
891 1793 1030 1877 helciae),
1048 1792 1163 1877 pristis,
1191 1791 1362 1855 carcharus
1379 1792 1425 1877 (lc

290 1895 424 1980 requiri),
445 1917 517 1959 orca
533 1895 686 1981 (l'orque),
702 1897 754 1959 vel
769 1896 838 1959 aliae
856 1895 947 1959 nobis
964 1897 1077 1980 ignotae
1095 1895 1211 1959 belluae
1227 1896 1370 1958 marinae.
1386 1896 1421 1959 Si

290 1999 343 2089 ille
356 2000 449 2084 piscis
462 1999 585 2064 balaena
604 2009 814 2085 supponatur,
830 2001 927 2064 Jonas
944 1998 1076 2086 quidem
1091 2000 1269 2085 nequiverit
1284 1999 1317 2061 in
1334 2020 1422 2061 ven-

289 2110 370 2164 trem
388 2100 455 2187 ejus
472 2102 530 2164 nisi
547 2123 604 2185 per
620 2101 813 2165 miraculum
830 2101 945 2164 illaesus
963 2110 1131 2185 penetrare
1147 2125 1155 2182 ;
1174 2101 1249 2185 quia
1270 2101 1366 2163 etiam
1384 2101 1422 2164 in

288 2204 435 2268 maximis
450 2197 581 2268 balanis
597 2203 754 2291 orificium
771 2205 868 2288 partis
888 2201 1103 2288 profundioris
1116 2204 1262 2287 gutturis,
1278 2201 1365 2289 quod
1384 2204 1419 2265 in
1485 2231 1489 2241 ¹

287 2316 431 2371 ventrem
447 2316 545 2392 patet,
567 2307 660 2369 nimis
675 2316 846 2391 angustum
865 2316 961 2370 estut
977 2327 1034 2390 per
1057 2305 1137 2368 illud
1159 2306 1258 2369 homo
1281 2306 1419 2369 transire

288 2409 396 2492 possit.
415 2407 477 2472 Sed
493 2406 573 2472 illud
594 2406 831 2472 observandum
853 2417 949 2492 caput
972 2409 1103 2472 balaenae
1125 2409 1252 2471 tertiam
1274 2408 1419 2492 corporis

289 2509 357 2595 ejus
378 2520 503 2595 partem
527 2509 719 2574 constituere
742 2520 839 2596 atque
864 2521 988 2595 partem
1013 2509 1257 2595 profundiorem
1281 2511 1418 2595 gutturis

288 2633 388 2676 unum
406 2611 481 2699 quid
502 2604 599 2676 veluti
616 2634 691 2678 cum
708 2623 819 2677 ventre
833 2615 928 2698 piscis
945 2613 1082 2698 efficere,
1100 2613 1185 2679 unde
1203 2614 1335 2679 fortasse
1355 2635 1418 2699 per

287 2727 431 2781 ventrem
444 2718 538 2802 piscis
553 2718 609 2781 illa
628 2739 703 2802 pars
720 2718 780 2782 erit
797 2718 1015 2803 intelligenda.
1036 2718 1129 2800 Quod
1146 2721 1171 2782 si
1188 2720 1250 2783 hoc
1264 2727 1413 2804 ponatur,

287 2819 369 2883 benc
382 2822 520 2906 potuerit
531 2821 629 2885 Jonas
642 2842 700 2906 per
714 2820 822 2905 plures
839 2818 952 2884 diesin
965 2822 1030 2885 imo
1043 2830 1169 2906 gutture
1187 2821 1317 2884 balaenae
1329 2842 1417 2885 corn-

286 2944 429 3005 morare,
446 2944 522 2987 nam
537 2923 581 2986 ibi
598 2923 698 2986 latum
714 2931 802 3008 patet
816 2922 966 3008 spatium,
978 2944 1042 3009 quo
1056 2922 1180 2985 balaena
1196 2922 1227 2985 in
1241 2920 1329 2985 unda
1344 2942 1418 2985 ma-

286 3029 328 3092 ris
349 3036 455 3091 servat
467 3027 636 3112 pisciculos
648 3024 765 3112 quibus
781 3026 929 3090 vescitur.
945 3024 1066 3089 Exinde
1082 3025 1198 3088 illaesus
1214 3025 1313 3088 Jonas
1328 3026 1417 3089 exire

287 3129 435 3213 potuerit.
453 3128 630 3192 Difficulter
641 3137 749 3191 mmen
760 3128 949 3213 intelligitur
960 3124 1122 3213 quomodo
1134 3127 1232 3190 Jonas
1244 3129 1277 3190 in
1291 3126 1416 3192 halama

285 3232 337 3294 vel
353 3232 386 3295 in
402 3232 465 3295 alio
483 3231 596 3316 quovis
612 3231 698 3314 pisce
715 3231 853 3316 potuerit
872 3231 1029 3314 respirare
1048 3228 1106 3292 nisi
1123 3230 1207 3294 Deus
1227 3251 1296 3293 rem
1315 3239 1418 3294 totam

286 3333 568 3417 supernaturaliter
581 3330 744 3396 direxerit.
761 3331 793 3394 Si
806 3340 944 3416 ponatur
961 3331 1052 3394 illum
1065 3332 1191 3416 'piscem
1210 3353 1418 3417 esseorcam3

274 3437 410 3499 marina
425 3437 483 3499 ista
496 3456 660 3520 voraxque
673 3433 793 3517 bellua,
813 3454 883 3519 quae
899 3433 1094 3520 quandoque
1111 3435 1269 3520 reperitur
1280 3435 1313 3497 in
1325 3455 1420 3502 marc

286 3535 530 3619 Mediterranea,
556 3536 681 3621 absque
700 3537 827 3600 laesione
851 3535 985 3621 deglutit
1007 3538 1122 3601 vitulos
1146 3537 1298 3619 marinos,
1329 3547 1360 3600 et
1384 3541 1422 3604 in

319 3806 355 3870 (l)
368 3805 474 3870 antiqq.
483 3803 525 3864 lll,
542 3804 582 3865 to,
594 3803 649 3855 t-a.
660 3804 734 3854 Notat
745 3804 773 3854 S.
786 3803 895 3866 cyrillus
906 3804 945 3853 ΑΙ,
961 3804 1000 3866 (in
1011 3803 1070 3853 loa.
1083 3802 1114 3865 lt)
1127 3819 1138 3849 «
1153 3803 1250 3854 Graeros
1259 3803 1284 3852 iu
1299 3802 1391 3853 fabulis
1403 3818 1420 3855 a

283 3903 312 3939 se
326 3887 470 3951 compositis
486 3899 585 3937 narrare
600 3886 733 3936 Herculem
745 3887 892 3936 devoratum
908 3884 1011 3948 quidem
1029 3893 1114 3936 aceto
1128 3886 1256 3936 redditum
1268 3891 1366 3944 tamen,
1382 3887 1419 3936 ah

284 3971 361 4021 insito
374 3969 436 4033 pisci
447 3969 529 4019 calore
540 3967 622 4030 capite
632 3967 765 4018 dumtaxat
776 3967 832 4029 pilis
844 3967 946 4018 nudato.
960 3983 971 4014 r
984 3968 1055 4019 Unde
1066 3967 1193 4019 concludit
1203 3966 1333 4017 historiam
1343 3965 1419 4018 lonae

283 4053 437 4102 immeritae
452 4052 553 4115 paganis
565 4050 674 4103 irrisam.

317 4134 353 4197 (a)
368 4135 465 4186 Coma.
482 4134 542 4185 Sur.
557 4133 588 4182 ll.

316 4213 351 4278 (5)
364 4214 448 4273 Daras,
464 4213 617 4264 Histoirede
631 4211 736 4280 l'liplise
746 4218 766 4263 t.
778 4213 807 4263 ll.
820 4227 845 4276 p.
861 4213 918 4265 690.
933 4215 1004 4266 Paris
1019 4216 1092 4266 taos.
1107 4216 1134 4264 S.
1150 4213 1316 4275 {lieronymus
1332 4213 1417 4265 tradit

284 4309 330 4346 suo
349 4308 401 4345 aero
413 4294 575 4357 sepulchrum
591 4294 659 4344 Jonae
670 4300 798 4369 ostensum
815 4294 892 4346 tuisse
911 4297 936 4345 in
953 4296 1017 4346 Geth
1031 4308 1107 4360 prope
1119 4295 1305 4354 hicceaarcam,
1317 4293 1344 4342 in
1360 4306 1417 4357 quo

283 4379 338 4429 nco
350 4385 423 4428 natus
438 4384 491 4427 erat
501 4376 636 4441 Propheta.
723 4380 726 4387 ’
