3134 4934
263 293 328 357 596
490 312 691 356 rnraooucuo
709 313 857 355 sirenus
872 315 906 355 nr
923 312 949 355 s.
968 313 1169 356 maroam

264 413 298 475 S.
313 413 464 494 lrcnaeus,
490 412 588 496 ipsius
606 413 738 476 loannis
763 434 821 498 per
840 413 1053 498 Polycarpum
1074 412 1249 499 discipulus
1270 415 1327 499 qui
1344 413 1396 478 vix

266 515 308 577 80
329 535 430 577 annos
444 523 515 598 post
530 514 767 601 Apocalypseos
782 514 955 579 editionem
971 515 1143 598 scrihebat,
1161 518 1286 601 prolixa
1303 538 1344 580 ex
1359 538 1397 580 ea

266 617 446 679 testimonia
468 617 605 699 recitat,
636 618 795 681 ioannem
832 619 915 681 illius
939 628 1104 683 auctorem
1127 620 1238 682 asserit
1260 618 1395 705 ejusque

264 720 487 784 auctoritatem
523 730 677 806 tanquam
711 723 901 785 canonicam
932 723 1059 787 inuocat
1081 733 1192 787 contra
1216 723 1395 787 haereticos.

264 822 419 887 Eusebius
442 824 569 886 refert:
590 848 604 882 a
624 825 660 887 ln
683 826 796 910 quinto
820 846 910 906 vero,
936 823 977 887 de
1000 827 1193 890 revelatione
1211 826 1344 889 Joanuis
1366 835 1399 889 et

265 925 307 989 de
323 927 561 1009 computatione
575 928 712 990 nominis
730 927 904 991 antichristi
919 927 963 990 sic
979 926 1104 991 disserit
1117 929 1299 991 Irenaeus...
1317 927 1397 991 Cum

266 1028 362 1111 igitur
376 1027 446 1090 lraec
458 1029 501 1090 ita
516 1049 549 1090 se
567 1027 720 1108 habeant,
739 1030 812 1099 etiri
828 1027 966 1091 otacilius
981 1027 1083 1113 prolis
1099 1051 1133 1090 uc
1156 1031 1278 1092 cetastis
1294 1049 1398 1090 exem-

265 1131 403 1215 plurilus
417 1153 560 1194 conserus
573 1131 620 1194 tic
634 1143 726 1195 exstet
743 1142 771 1194 et
794 1133 856 1215 ipsi
878 1134 932 1216 qui
945 1134 1064 1194 detinni
1076 1132 1167 1216 fidem
1190 1132 1319 1216 fociant,
1334 1141 1396 1194 clc.

266 1233 410 1297 Concinit
421 1243 533 1297 auctor
553 1235 683 1298 canonis
700 1235 876 1297 Muratorii.
895 1235 1106 1298 Tertullianus
1120 1256 1185 1297 non
1201 1235 1306 1298 solum
1325 1257 1398 1300 cam

171 1416 177 1419 ἰ
265 1336 381 1400 Joa'nni
408 1335 563 1421 Apostolo
586 1336 694 1399 tribuit
712 1345 743 1399 et
759 1337 853 1420 plura
869 1335 939 1421 ejus
953 1336 1052 1399 vcrha
1073 1336 1209 1421 profert,
1227 1334 1284 1398 scd
1302 1337 1398 1399 etiam

267 1438 383 1524 prohat
397 1437 466 1522 ejus
485 1439 641 1521 originem
664 1439 873 1522 apostolicam
895 1459 953 1523 per
970 1439 1203 1501 successionem
1225 1438 1399 1523 episcopo-

267 1562 351 1603 rum.
370 1566 384 1597 «
400 1540 481 1603 Nam
493 1542 562 1622 etsi,
577 1541 692 1626 inquit,
707 1540 921 1626 Apocalypsin
933 1539 1002 1626 ejus
1016 1541 1158 1603 Marcion
1171 1541 1304 1624 respuit,
1318 1540 1397 1604 ordo

266 1652 375 1704 tamen
402 1642 626 1726 cpiscoporum
649 1640 691 1705 ad
712 1643 868 1726 originem
889 1664 992 1728 usque
1012 1664 1161 1706 recensus
1188 1643 1221 1704 in
1238 1643 1397 1705 loannem

266 1742 361 1806 stabit
376 1753 554 1807 auctorem.
577 1772 591 1803 »
610 1744 671 1810 Vix
689 1766 820 1808 necesse
838 1754 885 1808 est
907 1743 1068 1809 adducere
1092 1744 1271 1807 testimonia
1287 1744 1320 1807 S.
1340 1745 1399 1829 Cy·

267 1846 382 1930 priani,
399 1845 431 1907 S.
447 1845 608 1930 Hippolyti
621 1847 676 1931 qui
693 1855 724 1909 et
740 1846 932 1931 Apologiam
945 1856 975 1910 et
987 1846 1260 1911 Commentarium
1274 1847 1399 1930 scripsit

267 1951 302 2011 iu
324 1948 549 2034 Apocalypsin,
568 1949 707 2012 Firmicii
724 1950 869 2031 Materni,
888 1950 1054 2030 Lactaulii,
1070 1949 1102 2011 S.
1121 1947 1274 2013 Victorini
1299 1949 1399 2011 Peta-

268 2051 426 2116 vioncnsis
450 2053 505 2137 qui
523 2073 595 2116 eam
622 2062 855 2116 commentatus
878 2063 935 2134 cst,
962 2053 995 2116 S.
1021 2053 1146 2132 Hilarii,
1171 2051 1204 2114 8.
1223 2052 1396 2132 Philastrii,

266 2155 300 2219 S.
319 2156 516 2240 Hieronymi,
542 2155 575 2218 S.
597 2155 777 2240 Augustini,
795 2157 945 2239 aliorum,
960 2157 1017 2241 qui
1037 2177 1149 2220 omnes
1166 2176 1240 2219 curn
1257 2155 1399 2219 conciliis

266 2257 485 2343 Hipponense,
512 2258 772 2342 Carthaginense,
803 2259 952 2322 Romano
979 2258 1040 2322 suh
1070 2245 1209 2338 Gelasio,
1231 2257 1396 2338 Toletano,

267 2360 450 2424 Florentino
467 2370 498 2423 ct
509 2358 706 2457 Tridentino,
725 2360 939 2446 Apocalypsin
952 2361 1069 2425 Joanui
1085 2359 1239 2444 Apostolo
1255 2358 1400 2422 tribuunt

268 2471 299 2525 et
319 2463 507 2527 canonicam
526 2461 718 2547 declarant(
743 2463 767 2548 ).

312 2565 365 2627 15.
384 2565 420 2627 ln
445 2566 578 2629 ecclesia
602 2564 820 2629 Alexandrina
843 2565 1051 2652 Apoealypsis
1073 2567 1116 2631 ab
1139 2567 1228 2631 initio
1259 2574 1294 2629 ut
1317 2586 1398 2648 opus

266 2664 412 2729 divinum
428 2676 556 2752 recepta
577 2668 648 2750 luit,
671 2667 758 2753 quod
780 2677 937 2732 testantur
955 2669 1115 2749 Clemens,
1132 2670 1297 2754 Origenes,
1318 2667 1399 2730 Dio-

268 2768 385 2853 nysius,
408 2770 463 2854 qui
486 2779 594 2833 tamen
622 2768 663 2833 de
684 2779 815 2835 auctore
843 2773 973 2854 erravit,
999 2771 1203 2854 Athanasius,
1230 2769 1396 2856 Didymus,

267 2870 425 2935 Macarius
442 2879 472 2934 et
488 2872 544 2957 qui
560 2872 659 2936 secuti
676 2881 749 2936 suut
766 2871 860 2957 hujus
879 2875 1020 2938 ecclesiae
1036 2874 1146 2937 Patres
1160 2873 1221 2959 (ἲ).

300 3099 335 3166 (l)
346 3100 398 3151 Glr.
413 3101 499 3166 Epist.
511 3101 581 3154 Ecct.
600 3101 690 3153 Vienn.
709 3101 812 3153 Patrol.
831 3116 873 3168 pr.
891 3103 921 3163 V,
940 3102 1013 3166 lita
1028 3103 1146 3164 lrcnaeus,
1164 3102 1400 3166 contrariarum,

266 3185 320 3245 XX,
338 3185 378 3245 ll;
390 3183 419 3244 V,
435 3184 508 3244 XXX,
521 3185 546 3241 3;
558 3191 585 3234 et
595 3196 636 3247 ap.
650 3184 754 3245 Eusch,
772 3184 839 3235 liist.
857 3184 927 3236 Eccl.
938 3184 968 3246 V,
984 3186 1010 3249 83
1024 3186 1340 3251 re1·tutltan.,oepraesa
1357 3188 1399 3248 533

267 3265 334 3317 Ado.
352 3265 484 3316 Marcion.
500 3264 542 3327 lll,
553 3267 594 3326 143
613 3265 654 3326 lv,
669 3265 724 3316 het
737 3266 838 3329 passim
852 3267 878 3318 8.
899 3267 1025 3330 llippolyt.
1040 3282 1081 3332 ap.
1098 3268 1249 3330 Ebchtesu,
1268 3268 1354 3319 Colat.
1373 3268 1399 3328 8,

265 3355 347 3412 etap.
362 3347 513 3399 Hieroclis
530 3349 582 3398 cir.
598 3348 637 3400 iit.
655 3348 697 3409 sn
712 3349 745 3400 Dr
761 3348 856 3399 Cirr-ist.
869 3355 893 3399 ll
911 3349 1008 3400 antici.
1024 3349 1130 3412 passim:
1151 3349 1285 3400 Firmiclus
1299 3349 1401 3409 Mater„

268 3436 302 3483 lle
319 3445 408 3483 errore
420 3433 493 3496 pros.
515 3432 563 3482 ret.
582 3430 624 3491 293
646 3432 775 3495 Cyprias,
798 3433 884 3498 Epist.
905 3432 955 3495 633
973 3432 1099 3494 Lactaut„
1114 3433 1201 3497 Epist.
1216 3431 1258 3495 A&
1276 3431 1399 3482 Victoria.

266 3513 366 3574 Peter„
378 3511 479 3564 Potrot.
499 3513 544 3564 iat.
562 3513 592 3574 V,
609 3513 668 3575 5183
682 3513 770 3575 Elian,
783 3513 819 3564 lle
839 3515 902 3564 trin.
922 3514 963 3576 Vl,
983 3513 1024 3575 ra,
1039 3514 1081 3577 593
1095 3514 1224 3575 philasia,
1239 3513 1309 3564 lioer.
1326 3513 1359 3563 eo
1374 3518 1401 3562 et

267 3595 317 3657 88;
334 3594 360 3645 S.
376 3593 490 3656 Hieron„
508 3594 594 3658 Epist.
614 3592 662 3644 129
680 3595 712 3644 ad
731 3597 862 3654 Derdam
882 3595 1021 3645 commeat.
1040 3595 1069 3645 in
1086 3594 1230 3657 Psalt.ll9;
1248 3595 1275 3644 in
1292 3594 1329 3645 Is.
1349 3596 1399 3658 183

267 3676 334 3727 Ado.
353 3675 412 3727 loe.
425 3674 456 3736 11,
472 3676 513 3732 la
527 3675 613 3740 Epist.
633 3677 668 3725 ad
682 3674 800 3736 Paulin.;
813 3677 848 3727 De
864 3676 918 3728 Vir.
931 3676 967 3726 ill.
980 3676 1005 3739 ὓς
1019 3676 1139 3739 August,
1157 3677 1191 3726 lte
1202 3679 1286 3726 doctr.
1300 3675 1399 3726 Christ.

267 3757 298 3821 ll,
313 3759 329 3808 8
343 3765 371 3808 et
381 3757 481 3821 prassini.
494 3757 551 3807 llaec
562 3764 623 3807 sunt
634 3758 707 3808 verba
724 3758 824 3808 concilii
836 3758 950 3809 Toletani
961 3759 1021 3807 anni
1032 3757 1081 3808 655
1094 3774 1101 3808 :
1118 3775 1129 3805 a
1144 3757 1319 3820 Apocalypsin
1335 3759 1402 3806 urul-

266 3848 352 3892 torum
371 3839 535 3891 conciliorum
547 3839 683 3890 auctoritas
696 3846 722 3890 et
737 3842 853 3903 synodica
863 3846 1005 3891 sanctorum
1024 3841 1159 3903 presulum
1177 3841 1347 3890 llomauorum
1359 3840 1403 3890 de·

264 3929 336 3975 creta
347 3922 459 3974 ioannis
470 3921 642 3986 annpelistoe
653 3935 709 3972 esse
720 3925 880 3985 perscribunt
896 3930 922 3974 et
938 3924 1007 3974 intrr
1020 3923 1102 3973 libros
1113 3923 1217 3973 divinos
1226 3921 1402 3986 acipiendum

266 4006 466 4057 constituerunt.
481 4020 493 4051 r
507 4005 555 4067 ap.
570 4004 690 4065 llarduln,
703 4004 798 4056 concil.
812 4004 855 4067 lll,
868 4018 894 4068 p.
909 4006 967 4056 584.
1318 4047 1320 4051 .

301 4085 337 4149 (2)
355 4086 472 4137 Clemens
487 4085 536 4146 lt,
549 4085 648 4137 strom.
667 4071 708 4147 Vl,
731 4099 757 4150 p.
778 4085 835 4149 son
852 4085 968 4150 engen,
986 4089 1014 4138 iii
1029 4086 1083 4137 los.
1107 4085 1202 4137 Hamil.
1223 4086 1238 4134 7
1256 4092 1282 4135 et
1298 4083 1401 4147 passim

269 4169 370 4231 Dionys.
389 4182 431 4231 ap.
453 4167 545 4218 Euseh.
562 4167 629 4218 Hist.
649 4167 721 4220 Ecct.
742 4167 795 4231 Vll,
815 4170 856 4230 lll,
873 4168 915 4231 24;
929 4170 1061 4230 Albanas,
1074 4169 1160 4235 Epist.
1172 4168 1231 4232 sest.
1245 4167 1278 4218 59
1290 4174 1317 4216 et
1335 4179 1402 4231 pass.

269 4250 400 4313 Didymus,
412 4251 444 4301 ln
464 4250 545 4301 Psalt.
567 4249 608 4313 50;
624 4248 756 4314 Macarius,
778 4252 871 4303 lloniil.
890 4251 932 4315 27,
951 4253 987 4313 E.;
1004 4252 1113 4316 cyrillus
1130 4251 1180 4313 At,
1203 4249 1404 4301 Biaderianos

266 4333 370 4400 Spiritu
381 4331 402 4394 l,
415 4334 472 4385 188.
