3166 4958
275 270 338 333 216
492 291 691 334 inruonucrio
707 290 853 333 sanemus
870 291 902 332 m
918 291 943 334 s.
962 292 1162 346 scmnrnuau.

276 391 414 455 Matthaei
441 392 588 474 primitus
615 411 717 475 graece
748 390 963 475 conscriptum
990 392 1100 460 fuisse.
1125 394 1248 461 Erasmi
1271 405 1406 463 senten-

275 495 352 557 tiam
380 494 518 578 amplexi
550 501 623 557 sunt
651 492 827 558 Cardinalis
856 493 1038 579 cajetanus,
1067 496 1263 582 vallarsius,
1289 501 1404 566 Matth.

277 595 420 659 Flaccius
436 596 574 660 etmulti
590 617 630 659 cx
642 595 904 680 protestantibus,
921 597 1097 684 intorques
1113 602 1319 666 Wctateuius.
1339 605 1409 668 Re-

279 698 472 762 cautioribus
508 698 705 783 temporibus
738 699 813 763 huie
846 699 988 784 opinioni
1023 703 1183 767 calculum
1218 703 1410 790 adjecerunt

278 802 343 865 Frit
331 802 446 885 taschc,
478 801 640 884 Thiersch,
670 800 853 883 Neudeher,
882 802 1004 887 Euald,
1035 806 1173 889 Kostlin,
1205 808 1406 892 Hilgenfeld,

278 906 401 969 Ritschl
404 906 548 990 ,Meyer,
569 889 668 968 Blcok
672 905 819 989 ,Augen
837 907 940 988 Weis,
960 917 991 971 et
1006 929 1046 973 ex
1068 907 1236 974 Catholicis
1251 910 1325 995 Hug
1342 911 1406 997 (l).

277 1009 434 1073 Econtra
452 1007 605 1073 Catholici
621 1008 688 1071 fere
706 1029 816 1072 omncs
836 1017 945 1074 tenent
961 1010 1171 1094 Evangelium
1189 1013 1327 1077 Matthaei
1346 1015 1410 1079 he

278 1110 386 1175 hraice
402 1113 547 1196 primitus
566 1111 660 1174 luisse
677 1112 902 1196 conscriptum.
918 1112 1010 1176 Hanc
1024 1115 1213 1178 sententiam
1225 1113 1407 1181 defendunt

168 1254 170 1259 ·
222 1208 234 1232 '
279 1214 397 1298 Dupin,
411 1211 555 1278 Richard
571 1215 693 1303 Simon,
712 1214 879 1296 Marchiui,
893 1213 1053 1297 Jansscns,
1070 1214 1189 1298 Glaire,
1204 1218 1406 1303 Reithmayr,

278 1315 342 1381 Ad.
370 1319 489 1403 Mayer,
518 1316 678 1399 Patritius,
701 1318 861 1397 Demaret,
887 1317 1000 1381 Dsnko
1026 1318 1080 1381 alii
1107 1321 1261 1404 plurimi,
1288 1321 1409 1406 quihus

280 1421 480 1483 consentiunt
502 1441 542 1484 ex
564 1413 718 1484 haereticis
745 1429 778 1482 et
802 1419 1017 1485 Rationalistis
1041 1421 1228 1504 Michaelis,
1250 1421 1406 1507 Crodner,

280 1521 416 1604 Ehrard,
435 1524 549 1604 Reuss,
561 1518 716 1603 'Curetom
733 1531 794 1586 etc.
809 1514 870 1607 (2)ss

324 1626 356 1688 7.
376 1624 439 1706 Qui
454 1633 582 1688 tuentur
597 1625 780 1688 Matthaeum
794 1645 897 1709 graeoe
909 1624 1069 1710 scripsisse
1084 1625 1143 1690 has
1155 1625 1293 1693 afferunt
1304 1628 1410 1693 ratio-

279 1752 336 1794 nes
360 1753 368 1792 z
394 1730 426 1791 1⁰
450 1727 569 1792 Omnes
600 1727 708 1791 Patres
735 1727 789 1811 qui
824 1722 1001 1793 docuerunt
1025 1728 1234 1812 Evangelium
1268 1730 1410 1795 Matthaei

280 1832 430 1897 hebraice
444 1831 538 1893 luisse
551 1839 727 1913 exaratum,
740 1830 825 1893 hanc
837 1828 1040 1896 traditionem
1053 1851 1073 1893 a
1084 1830 1183 1914 Papia
1197 1842 1404 1915 acceperunt.

282 1935 376 2020 Atqui
395 1933 609 1997 testimonium
630 1933 734 2017 Papiae
753 1933 870 1997 nullius
889 1953 1019 2017 prorsus
1033 1941 1082 1995 est
1103 1932 1229 2014 valoris,
1244 1932 1406 2018 siquidum

275 2038 336 2119 iste
359 2035 474 2119 Papias
493 2035 542 2097 vir
568 2043 637 2097 erat
663 2032 771 2115 rudis,
790 2032 884 2119 juxta
905 2033 1090 2117 Eusebium,
1114 2043 1213 2119 atque
1234 2034 1407 2103 mediocris

256 2139 257 2142 ’
279 2162 408 2225 prorsus
424 2141 553 2224 ingenii,
577 2141 631 2225 qui
650 2138 767 2205 fabulis
789 2139 934 2203 animum
952 2139 1047 2203 facile
1066 2123 1263 2219 intendebat,
1283 2140 1406 2225 quique

219 2282 221 2287 ·
279 2266 297 2308 a
315 2243 462 2308 Nazarcis
478 2244 652 2327 Evangelio
665 2243 829 2307 secundum
849 2241 989 2331 Hebraea
1009 2242 1171 2307 utentibus
1187 2243 1288 2306 *fuerit
1301 2242 1406 2309 dece-

278 2355 362 2431 ptus.
382 2344 445 2409 Sed
466 2343 677 2429 respondetur
693 2344 800 2428 Papiae
820 2344 1033 2411 testimouium
1054 2366 1118 2410 non
1134 2343 1255 2411 ideireo
1274 2344 1405 2429 probari

278 2448 396 2513 salsum
411 2449 497 2531 quia,
508 2445 599 2531 juxta
611 2445 795 2529 Eusebium,
810 2447 924 2531 Papias
936 2467 1034 2531 agens
1046 2445 1087 2513 ds
1097 2467 1198 2532 ragno
1208 2447 1402 2532 Chiliastico,

217 2538 220 2543 ’
277 2560 466 2636 argumenta
481 2548 605 2613 dederit
614 2548 783 2615 mediocris
796 2551 926 2635 bigartii.
935 2550 1017 2616 Nam
1028 2552 1062 2616 in
1075 2551 1138 2617 suis
1151 2552 1400 2634 commentariis,

277 2656 416 2718 maxime
435 2655 466 2716 in
479 2652 656 2717 referendis
672 2653 709 2717 iis
727 2674 798 2738 quae
812 2653 856 2717 ab
868 2646 1096 2739 Apostolorum
1110 2652 1272 2738 discipulis
1288 2653 1403 2721 audio-

278 2767 337 2839 rat,
352 2757 479 2840 Papias,
490 2755 583 2840 juxta
594 2754 745 2821 eumdem
758 2755 929 2822 Eusebium
943 2756 1003 2842 (ὅ),
1018 2778 1051 2821 se
1064 2755 1199 2841 pramis
1213 2781 1227 2815 «
1245 2755 1402 2841 imprimis

277 2858 430 2923 disertum
457 2867 489 2921 et
511 2856 672 2921 cruditum
690 2847 735 2923 ¹ac
757 2879 922 2923 sacrarum
945 2859 1182 2944 Scripturarum
1207 2859 1357 2943 peritum.
1383 2885 1399 2921 s

275 2961 390 3047 Papias
411 2962 477 3051 ipse
495 2969 625 3025 testatur
641 2958 689 3044 (4)
709 2984 723 3016 «
750 2980 783 3025 se
804 2959 973 3045 Apostolos
993 2969 1139 3024 auctores
1160 2959 1281 3025 hahere
1301 2980 1400 3044 seque

276 3066 408 3129 sollicite
430 3064 608 3148 quaesivissc
632 3062 709 3147 quid
731 3066 950 3149 unusquisque
973 3063 1108 3129 dixerat.
1131 3090 1147 3125 a
1173 3062 1266 3144 Quod
1291 3072 1400 3128 autem

275 3168 413 3231 Nazaraei
443 3167 576 3251 Papiam
599 3166 631 3229 in
656 3187 798 3230 errorem
821 3165 1014 3248 induxerint,
1037 3167 1177 3251 gratuita
1198 3165 1330 3231 assertio
1354 3175 1403 3230 est

276 3292 347 3356 quae
370 3270 458 3335 nullo
474 3269 604 3335 fulcitur
619 3269 813 3354 antiquitatis
828 3266 1036 3334 documento.
1056 3269 1167 3354 Neque
1192 3268 1296 3352 magis
1315 3268 1402 3333 valet

276 3372 405 3435 illorum
427 3372 507 3433 ratio
531 3371 585 3454 qui
610 3368 720 3433 dicunt
743 3371 876 3454 Papiam
897 3367 1099 3433 solummodo
1120 3370 1209 3456 loqui
1227 3368 1267 3432 de
1291 3370 1402 3455 aliquo

276 3471 460 3556 Evangelio,
470 3471 583 3536 Christi
592 3468 756 3535 dumtaxat
769 3471 987 3556 sermones(ra
999 3468 1089 3557 lapsu)
1098 3473 1290 3552 continente,
1296 3483 1402 3555 quum

309 3667 344 3730 (l)
356 3664 461 3716 Errat
475 3660 551 3716 toN.
566 3663 623 3714 T.t.
639 3662 669 3722 ll,
682 3662 750 3714 stt

308 3746 343 3813 (i)
359 3747 453 3810 bupln,
465 3746 602 3797 Dissert.»
585 3745 649 3808 pret
661 3743 952 3808 11,2;chhsrds1mon
965 3745 1032 3796 Hist.
1047 3746 1105 3795 crit
1117 3745 1153 3797 N.
1168 3746 1194 3797 T.
1206 3745 1217 3795 l
1219 3760 1262 3810 ,.p
1274 3747 1315 3807 503
1326 3747 1403 3798 lans·

276 3843 333 3882 sens
346 3827 436 3879 Herm
453 3827 482 3878 S.
499 3832 560 3877 sect
577 3824 617 3884 lll,
631 3824 713 3888 §¹763
725 3825 854 3885 blanchini,
869 3824 973 3875 Dedin
991 3825 1402 3890 istroreacr.p.11‚r;uuire,

276 3911 403 3968 Introd'
389 3927 407 3962 a
419 3911 512 3962 tlicrit
502 3916 520 3960 t.
536 3909 626 3960 Salate
637 3915 656 3966 t.
674 3908 703 3970 V,
729 3915 789 3959 sect.
806 3908 835 3969 V,
850 3908 870 3969 l,
885 3910 907 3970 l;
921 3908 1077 3972 Reithnsayr,
1096 3911 1194 3961 lutroct.
1212 3917 1231 3960 t.
1243 3910 1273 3970 ll,
1285 3908 1299 3976 5
1312 3911 1335 3967 7;
1351 3911 1400 3961 Ad.

277 3995 363 4053 Maior,
374 3992 444 4045 Eiet.
457 3992 525 4057 §155
538 3990 670 4051 patritius,
683 3992 717 4042 Da
726 3991 828 4055 Europ.
841 3991 858 4039 l.
872 3989 892 4051 1,
905 4002 928 4040 e.
939 3989 958 4052 l,
971 4005 997 4055 q.
1010 3991 1036 4042 5.
1047 3991 1173 4054 humaret,
1184 3992 1220 4044 De
1230 3993 1325 4058 eripio.
1334 3993 1399 4043 Esv.

278 4078 340 4136 part.
354 4073 373 4131 1.
388 4087 411 4122 c
423 4072 456 4121 Ill
472 4070 521 4136 §h
539 4071 633 4131 bauto,
650 4071 714 4120 Htst
731 4071 808 4121 revel.
825 4070 859 4126 N
879 4071 906 4121 T
922 4083 948 4133 p
964 4070 1022 4122 268.
1430 4090 1433 4097 ⁴

310 4155 345 4218 (ὅ)
362 4155 465 4214 Euseb,
480 4155 546 4204 Htst
562 4154 629 4203 Eccl.
645 4152 684 4214 lll,
701 4152 741 4202 36.
760 4152 897 4203 Dubitatur
907 4158 993 4203 tamen
1003 4167 1036 4204 an
1050 4154 1096 4205 ista
1113 4155 1187 4206 verba
1203 4155 1283 4218 ipsius
1298 4153 1401 4204 Eusebii

278 4234 337 4285 sint.
350 4236 406 4286 vid
420 4234 566 4287 Laemmer
559 4248 585 4283 m
599 4246 645 4284 sua
656 4233 759 4283 Eusebii
773 4233 883 4284 editione
892 4234 961 4284 adh.
974 4235 990 4284 l.

311 4316 394 4381 (llhp
417 4315 761 4377 summarorium
