3132 4964
273 310 316 378 86
416 380 419 385 ⁴
503 336 702 378 lnrnouuorlo
720 335 866 378 spectans
882 336 915 377 ln
931 335 956 377 S.
976 335 1176 376 sumerentur.

319 436 350 498 l.
374 435 407 498 V
404 439 495 499 eritas
510 435 665 500 historico.
681 436 782 499 Nemo
795 456 895 519 usque
910 432 952 497 ad
964 434 1114 498 saeculum
1126 433 1200 497 XVI
1213 432 1253 497 de
1271 433 1406 497 veritate

275 537 425 602 historica
443 538 515 602 libri
539 538 645 602 Tobiae
669 537 887 602 difficultatem
916 538 1025 599 movit.
1052 536 1205 599 Nonnulli
1228 542 1337 598 autem
1365 556 1407 599 ex

275 640 543 722 Protestantibus,
570 661 650 725 quos
669 641 767 705 secuti
790 649 885 721 sunt,
912 648 1019 702 nostra
1042 647 1143 719 aetate,
1168 620 1405 720 Rationalistae,

211 750 215 769 ¹
274 741 395 806 habent
412 744 496 806 hanc
519 743 684 806 historiam
705 751 740 805 ut
764 744 851 827 piam
880 740 1056 827 quamdam
1081 739 1254 822 fictionem,
1280 762 1355 804 eum
1372 741 1407 803 iu

274 843 372 906 finem
391 846 564 924 inventam,
579 854 614 907 ut
625 844 728 908 Judaei
742 842 876 929 aliquod
888 843 1036 907 solatium
1049 843 1081 905 in
1100 843 1193 907 exilio
1210 843 1402 906 invenirent.

49 901 188 1055 alst
244 886 427 1035 ffitholiei
452 956 560 1043 autem
581 947 648 1010 lere
674 968 785 1010 omnes
809 948 975 1009 veritatem
994 946 1067 1009 libri
1095 945 1202 1010 Tobiae
1222 953 1407 1010 constanter

275 1058 530 1134 propugnarunt.
560 1049 597 1111 Et
621 1048 696 1134 jure
724 1070 877 1134 prorsus3
902 1070 977 1112 nam
1001 1049 1108 1112 omnia
1132 1047 1267 1112 suadent
1290 1057 1325 1110 ut
1346 1046 1405 1112 ista

277 1152 416 1229 umbo
430 1139 583 1236 tanquam
595 1151 726 1215 historia
738 1173 813 1215 vera
825 1173 889 1215 nou
902 1161 1009 1215 autem
1022 1150 1093 1215 ficta
1106 1150 1405 1216 habeatur.Etenim

276 1253 460 1339 hujusmodi
489 1254 632 1319 fictiones
653 1257 685 1318 in
711 1255 875 1340 Scriptura
901 1277 965 1319 non
990 1256 1206 1348 inveniuntur,
1233 1255 1404 1336 Praeterea,
1433 1293 1436 1298 ·

275 1359 407 1424 historia
431 1361 511 1443 haec,
537 1361 563 1423 si
588 1359 723 1424 conficta
750 1362 844 1443 foret,
873 1382 936 1424 non
956 1361 1077 1424 valeret
1102 1359 1143 1424 ad
1167 1359 1406 1444 assequendum

276 1462 372 1525 finem
399 1483 494 1548 quem
523 1463 622 1527 habet
645 1461 834 1528 ostendendi
850 1463 1013 1548 quomodo
1036 1464 1120 1527 Deus
1131 1462 1224 1548 justis
1243 1463 1351 1526 omnia
1372 1464 1407 1526 in
1510 1524 1514 1533 ,

277 1566 411 1628 meliora
427 1546 594 1670 converti]
610 1567 642 1630 Si
658 1568 744 1640 enim
769 1567 841 1631 ficta
866 1552 1047 1631 narratione
1066 1576 1178 1631 auctor
1188 1567 1252 1630 hoc
1267 1565 1407 1630 demon·

277 1675 377 1730 strare
405 1667 579 1750 voluisset,
612 1667 773 1732 debuisset
798 1669 959 1733 fictionem
989 1678 1079 1732 suam
1106 1670 1149 1734 ita
1176 1667 1346 1753 disponere
1371 1677 1409 1730 ut

278 1791 328 1833 res
359 1770 524 1833 evenirent
544 1770 637 1855 juxta
663 1792 793 1836 cursum
819 1764 1017 1836 ordinarium
1044 1793 1176 1854 rerum,
1208 1792 1274 1834 non
1296 1779 1407 1834 autem

274 1870 366 1955 juxta
397 1870 531 1935 modum
560 1870 850 1936 extraordinarium
882 1882 912 1936 et
944 1874 1231 1958 supernaturalem.
1259 1873 1408 1957 Denique

279 1976 368 2038 color
399 1985 431 2038 et
458 1973 581 2039 indoles
607 1977 809 2059 narrationis,
839 1977 1081 2040 circumstantiae
1105 1975 1262 2039 historicae
1289 1974 1410 2061 quibus

279 2080 411 2143 vestitur
427 2087 458 2142 et
476 2099 547 2164 quae
566 2078 685 2143 fictioni
704 2079 830 2143 inutiles
849 2090 965 2161 essent,
979 2101 1079 2144 nexus
1097 2100 1160 2163 quo
1184 2080 1243 2141 ista
1266 2078 1410 2142 narratio

279 2200 353 2246 cum
379 2181 448 2245 aliis
472 2182 639 2246 eventibus
661 2183 820 2247 historicis
840 2166 1050 2267 connectitur,
1070 2182 1139 2246 haee
1163 2182 1271 2245 omnia
1295 2191 1410 2245 eontra

279 2285 480 2370 hypothesim
492 2284 629 2370 alicujus
644 2285 779 2349 fictionis
794 2287 982 2370 loquuntur.

323 2388 355 2450 5.
370 2388 541 2472 Praecipuae
555 2409 625 2473 quae
643 2399 814 2453 moventur
826 2388 1027 2453 difficultates
1043 2397 1152 2462 contra
1166 2388 1264 2453 fidem
1280 2389 1413 2453 histori-

281 2511 353 2553 cam
377 2488 472 2574 bujus
506 2489 579 2554 libri
616 2488 827 2581 desumuntur
859 2513 897 2554 ex
924 2490 1033 2556 indole
1057 2493 1292 2577 supernaturali
1313 2492 1413 2555 totius

282 2591 430 2654 historiae.
451 2591 574 2675 Negant
588 2576 803 2656 Rationalistae
818 2593 952 2658 Tobiam
976 2615 1088 2678 reapse
1100 2580 1234 2678 cecum,
1256 2592 1374 2659 deiude
1389 2616 1412 2657 a

283 2694 422 2757 caeciute
446 2702 592 2756 sanatum
608 2714 646 2758 eo
662 2692 759 2757 modo
777 2716 841 2781 quo
861 2717 912 2759 res
930 2696 1090 2778 refertur3
1113 2697 1188 2781 quia
1205 2697 1231 2759 si
1247 2697 1288 2760 ita
1314 2705 1411 2779 esset,

282 2796 405 2882 absque
418 2797 573 2861 miraculo
585 2796 648 2860 boc
659 2795 728 2860 fieri
742 2819 807 2861 non
820 2800 990 2882 potuisset3
1010 2807 1129 2882 negant
1141 2799 1292 2883 angelum
1303 2799 1414 2864 Tobiae

284 2902 433 2965 comitem
458 2921 490 2963 se
514 2898 703 2985 praestitisse,
725 2902 801 2986 quia
819 2901 1015 2966 existentiam
1037 2902 1225 2986 angelorum
1248 2901 1410 2988 rejiciunt.

282 3006 483 3069 Evanescunt
499 3024 595 3088 porro
607 3024 719 3067 omnes
731 3002 916 3089 hujusmodi
932 3002 1144 3087 difficultates,
1159 3002 1298 3069 admissa
1310 3004 1414 3069 mira-

284 3108 429 3172 culorum
442 3104 662 3191 possibilitate.
677 3106 741 3170 Ista
757 3115 865 3170 autem
877 3105 1067 3191 possibilitas
1083 3126 1147 3169 non
1159 3115 1206 3170 est
1216 3106 1270 3170 hio
1280 3105 1415 3170 demon-

283 3200 425 3291 stranda3
438 3208 559 3274 idcirco
573 3208 666 3273 nobis
678 3208 837 3273 suffecerit
849 3207 930 3271 illud
938 3208 1111 3291 monuisse.
1120 3208 1302 3297 Peculiares
1314 3210 1413 3272 etiam

284 3321 454 3374 moventur
466 3308 667 3374 difficultates
679 3332 718 3373 ex
736 3308 928 3395 quibusdam
945 3308 1203 3399 annotationibus
1215 3310 1414 3395 geographi-

94 3422 96 3426 ’
285 3414 328 3477 cis
353 3423 406 3477 aut
431 3414 675 3498 chronologicis.
701 3413 801 3477 Nimis
824 3423 932 3476 autem
954 3413 1087 3496 longum
1110 3413 1194 3476 foret
1212 3411 1254 3476 ad
1271 3414 1415 3498 singulas

284 3513 489 3598 respondere.
512 3510 717 3580 Remittimus
734 3538 793 3600 pro
810 3516 870 3580 hac
894 3525 984 3600 parte
1001 3515 1043 3579 ad
1067 3524 1333 3580 commentatores
1349 3516 1414 3602 (1).
1476 3506 1481 3511 ⁵

146 3544 302 3761 Wlfflin
328 3589 553 3710 6.[Diuiaitoe.
579 3619 674 3684 Liber
705 3619 811 3684 Tobiae
839 3618 966 3683 divinus
995 3619 1232 3703 canonicusque
1257 3604 1417 3685 estflloc

148 3876 151 3883 ·
171 3868 181 3875 “
202 3876 208 3885 ·
287 3871 377 3932 «Quia
394 3870 474 3920 vicina
492 3877 530 3921 est
544 3871 716 3923 Chaldaeorum
735 3872 820 3935 lingua
831 3870 1076 3939 sermonihebruieo,
1088 3856 1225 3933 utriusque
1239 3856 1332 3932 linguae
1345 3872 1418 3933 peri-

284 3952 409 4002 tissimum
421 3954 551 4016 loquacem
562 3954 700 4016 reperiens,
711 3954 787 4002 unius
802 3952 853 4002 diei
866 3952 977 4002 laborem
990 3936 1103 4016 arripui:
1116 3957 1143 4001 et
1153 3950 1278 4015 quidquid
1293 3952 1336 4002 ille
1349 3952 1418 4003 mihi

284 4034 407 4085 hebraicis
421 4036 504 4086 verbis
518 4036 712 4098 expressiones
728 4049 775 4098 ego
784 4036 865 4086 accito
877 4034 983 4091 notario.
1000 4032 1159 4085 sermonibus
1170 4034 1254 4085 latinis
1269 4035 1386 4097 exposui.
1403 4053 1418 4082 »

285 4116 412 4167 Feruntur
425 4118 481 4168 duae
495 4119 552 4169 libri
566 4120 651 4170 Tohiae
672 4120 794 4168 hebraicae
811 4117 935 4167 editiones
955 4118 1087 4168 recentiori
1104 4123 1218 4180 tempore
1231 4117 1368 4179 edomate,
1384 4118 1421 4189 de

284 4198 378 4260 quibus
390 4199 445 4249 vide
458 4200 567 4262 Reuseh,
580 4199 624 4251 ut.
637 4201 682 4251 cit.
695 4214 719 4263 p.
736 4201 830 4250 titvll.

319 4278 355 4343 (l)
366 4279 417 4331 Cir.
431 4282 539 4342 hensch,
552 4282 604 4334 tit.
614 4285 670 4341 ott.;
681 4282 787 4333 Calmet.
802 4283 914 4342 Comm.;
928 4280 1175 4346 cathorinensem.
1188 4280 1232 4330 rit.
1245 4293 1270 4342 p.
1279 4278 1418 4346 llll-lb&

287 4361 385 4423 Schola,
400 4362 492 4426 ltette,
509 4365 593 4415 Glaire
606 4366 632 4415 in
647 4365 949 4417 suislntroductionibus.
