3132 4964
144 151 150 203 l

261 267 303 329 90
493 286 694 328 rnrnooucrro
713 285 860 329 sororapis
874 284 906 325 rn
925 285 951 325 s.
968 284 1168 326 sciturum.

138 434 165 485 Γ
261 385 316 469 qui
331 385 437 469 primo
455 393 528 447 ante
543 383 665 447 Christo
719 383 834 447 saeculo
851 381 968 446 librum
986 384 1196 468 compositum
1212 381 1394 467 docent,ex

87 488 218 616 app(
260 484 403 570 dicendis
419 485 551 571 patebit.
576 485 658 549 Nam
676 458 811 574 dilsgerilr
827 482 997 569 descriptio
1015 485 1171 567 locorum,
1192 495 1391 571 temporum,

261 591 627 670 nominum,sermonum
638 584 811 673 rerumque
825 587 968 651 omnium
978 608 1016 650 ac
1028 587 1151 651 minuta
1165 587 1394 673 adjunctorum

261 692 480 777 quorumlibet
497 692 659 756 annotatio
683 693 820 755 innuunt
834 700 1010 785 auctorem,
1029 691 1083 775 qui
1105 689 1244 754 Judithae
1267 712 1395 757 coaevus

259 794 355 858 fuerit
371 795 423 859 vel
439 816 504 859 non
520 793 576 858 diu
591 803 664 879 post
680 793 748 879 ejus
763 803 901 856 mortem
916 794 1040 875 vixerit.
1089 814 1138 857 uae
1154 794 1240 858 enim
1257 796 1290 857 in
1307 793 1394 861 libro

258 896 370 960 Judith
383 907 555 967 narrantur
567 898 752 962 memoriter
764 895 819 960 diu
832 897 951 960 servari
966 897 1193 981 nequivissent,
1211 906 1243 960 et
1254 897 1394 982 scriptor

261 1002 421 1079 recentior
445 1000 645 1067 commodius
702 1002 773 1064 lura
808 1000 1007 1084 praeteriisset
1029 1019 1100 1084 quae
1125 1000 1188 1062 suis
1213 998 1395 1085 equalibus

259 1124 458 1187 supervacua
474 1021 878 1217 ridebanturfilgldltimis
895 1112 1002 1166 tamen
1020 1103 1205 1186 versiculis,
1225 1103 1257 1165 in
1273 1102 1396 1188 quibus

148 1236 153 1247 ·
250 1213 452 1269 'annotantur
469 1207 622 1270 nonnulla
640 1226 711 1291 quae
727 1214 865 1268 mortem
881 1203 1019 1267 Juditbae
1040 1215 1210 1269 consecuta
1228 1215 1314 1287 sunt,
1333 1227 1396 1269 co-

258 1308 364 1391 gimur
383 1309 475 1372 lateri
493 1308 567 1373 libri
586 1309 818 1373 conlectionem
836 1307 997 1392 aliquibus
1015 1310 1129 1371 saltem
1149 1308 1241 1373 annis
1257 1306 1396 1375 Juditha

259 1412 470 1474 recentiorem
489 1380 579 1518 esse]
602 1412 661 1474 nisi
677 1409 802 1474 dicatur
817 1412 946 1474 ultimos
968 1411 1063 1474 hosce
1085 1413 1260 1476 versiculos
1275 1433 1396 1476 recen-

260 1515 331 1577 tiori
347 1535 447 1577 manu
463 1536 530 1577 esse
546 1513 698 1599 adjectos.
717 1514 801 1578 Hine
819 1513 926 1579 Glaire
942 1514 1080 1600 probare
1098 1525 1230 1581 conatur
1246 1516 1396 1579 Eliachi-

148 1668 150 1673 .
261 1635 350 1678 mum
375 1614 574 1680 sacerdotem
598 1626 762 1680 auctorem
788 1637 854 1680 esse
878 1616 952 1680 libri
975 1614 1098 1683 Judith.
1124 1617 1258 1681 Huetius
1281 1626 1395 1680 autern

261 1715 389 1802 conjicit
402 1717 521 1782 librum
541 1717 651 1782 Judith
669 1719 821 1803 scriptum
838 1718 932 1782 fuisse
953 1728 1097 1803 tempore
1114 1719 1304 1804 captivitatis
1323 1720 1396 1783 Ba-

263 1818 429 1903 bylonicae,
448 1818 491 1884 ad
516 1820 698 1887 leniendam
723 1821 806 1890 exilii
831 1820 926 1906 hujus
948 1819 1169 1904 egritudinem
1193 1830 1224 1884 et
1243 1843 1299 1906 spe
1325 1822 1395 1885 eri-

261 1919 382 2004 gendos
405 1922 622 1986 Israelitarum
640 1923 774 1989 animos.
794 1922 832 1986 Id
855 1921 967 1991 suadet
991 1921 1176 1987 chaldaicus
1200 1945 1305 1987 sermo
1326 1945 1396 2008 quo

262 2023 398 2108 scriptus
418 2024 500 2088 liber
519 2025 618 2089 fuerit
632 2026 691 2111 (l).
769 2006 827 2139 s

305 2126 474 2212 bffingao
490 2140 517 2191 ct
535 2087 830 2296 versionesglextus
853 2128 1072 2213 primigenius,
1098 2130 1165 2213 qui,
1184 2127 1277 2214 juxta
1299 2130 1395 2192 testi-

261 2231 407 2294 monium
424 2231 457 2295 S.
476 2233 674 2317 Hieronymi,
694 2232 880 2329 QJQUS
904 2242 983 2313 erat,
998 2230 1182 2316 deperditus
1198 2241 1254 2296 est.
1273 2232 1320 2294 Ex
1334 2231 1394 2294 illo

260 2343 346 2396 textu
368 2333 551 2399 immediato
572 2332 722 2401 derivatae
739 2343 812 2397 sunt
835 2336 937 2398 versio
958 2355 1059 2419 greca
1077 2335 1161 2397 LXX
1176 2335 1394 2418 Interpretum

261 2445 293 2499 et
324 2437 427 2499 versio
461 2437 556 2500 latina
587 2437 619 2501 S.
646 2415 856 2542 Hieronymi]
870 2437 1058 2502 Versionem
1078 2458 1216 2522 graecam
1238 2459 1279 2500 ex
1302 2446 1393 2500 textu

261 2536 428 2602 chaldaico
443 2536 615 2603 deductam
628 2561 696 2604 csse
711 2541 871 2603 insinuant
882 2541 1065 2604 aramaismi
1081 2549 1112 2603 et
1124 2540 1392 2624 interpretislap-

261 2661 314 2704 sus
330 2640 384 2725 qui
402 2641 435 2704 in
452 2662 490 2704 ea
507 2641 728 2706 observantur.
748 2644 858 2708 Versio
876 2663 979 2727 graeca
1003 2652 1034 2706 et
1057 2641 1207 2705 fidelitate
1224 2662 1335 2705 carere
1361 2651 1394 2704 et

261 2741 386 2806 mendis
409 2753 531 2807 scatere
554 2744 691 2809 videtur.
719 2746 842 2830 Duplex
866 2747 950 2809 illius
973 2744 1067 2809 datur
1088 2745 1243 2826 recensio,
1268 2765 1332 2808 una
1358 2744 1394 2807 in

261 2846 424 2931 plerisque
449 2845 611 2911 codicibus
634 2857 665 2912 ct
688 2847 880 2912 editionibus
902 2849 1073 2933 impressis,
1093 2849 1192 2910 altera
1216 2848 1249 2910 in
1273 2844 1393 2910 Codice

149 2959 151 2963 '
264 2948 427 3033 Sinaitico,
445 2949 488 3013 ad
511 2949 602 3036 cujus
626 2972 773 3015 normam
797 2949 969 3014 elaboratae
992 2960 1065 3014 sunt
1087 2950 1190 3012 versio
1214 2949 1336 3034 syriaca
1360 2957 1394 3011 et

261 3053 392 3137 antiqua
411 3054 502 3117 Itala.
525 3054 557 3117 S.
576 3054 788 3139 Hieronymus
812 3075 851 3117 ex
871 3051 1038 3117 chaldaico
1057 3052 1242 3135 archetypo,
1266 3051 1393 3114 ratione

260 3164 369 3218 tamen
396 3155 504 3220 habita
530 3159 645 3231 veteris
665 3158 764 3241 Italae,
789 3156 968 3220 versionem
996 3175 1087 3218 suam
1112 3153 1262 3236 confecit,
1287 3155 1393 3237 magis

166 3326 172 3335 ι
261 3275 388 3319 sensum
401 3279 419 3320 e
431 3278 537 3341 sensu,
551 3268 586 3323 ut
599 3259 667 3343 ipse
681 3260 735 3340 ait,
754 3280 853 3344 quam
868 3279 907 3321 er
919 3257 1018 3321 verbo
1030 3255 1164 3319 verbum
1181 3255 1390 3319 transferens.

259 3356 359 3420 Addit
370 3358 402 3422 S.
417 3360 535 3424 Doctor
547 3359 617 3446 (tlt
637 3386 651 3419 r
670 3362 843 3425 Multorum
858 3358 1005 3424 codicum
1022 3358 1207 3421 varietatem
1224 3357 1394 3419 vitiosissi-

261 3478 348 3520 mam
372 3463 536 3544 amputavi
562 3486 569 3524 :
593 3463 658 3526 sola
685 3484 734 3544 ea,
758 3483 829 3547 quae
851 3461 1058 3545 intelligentia
1082 3459 1204 3542 integra
1228 3459 1260 3520 in
1284 3455 1394 3521 verbis

262 3558 411 3625 chaldaeis
433 3564 575 3627 invenire
590 3567 691 3650 potui,
713 3566 818 3629 latinis
833 3565 984 3648 expressi.
1003 3589 1017 3624 o

272 3642 287 3737 l
304 3665 335 3726 6.
361 3666 449 3729 Fides
473 3667 626 3732 ltistort'ca.
654 3669 850 3752 Atempore
873 3666 1003 3730 Lutheri
1025 3665 1117 3728 nrulti
1149 3664 1391 3744 Protestantes„

261 3786 342 3849 quos
361 3767 459 3830 secuti
483 3777 556 3831 sunt
578 3770 724 3854 plerique
747 3767 1052 3846 Rationalistarum,
1078 3764 1197 3829 librum
1220 3760 1333 3826 Judith
1356 3773 1393 3827 ut

259 3888 382 3933 meram
409 3872 595 3956 allegoriam
622 3882 676 3936 aut
700 3872 861 3957 poeticum
884 3869 1071 3955 figmentum
1096 3868 1291 3949 habuerunt,
1318 3867 1385 3930 nixi

291 4127 326 4193 (l)
342 4130 398 4181 Vid.
420 4132 512 4195 Glaire,
535 4135 635 4185 Introd.
662 4141 681 4184 t.
703 4133 742 4195 lll,
761 4147 784 4184 c.
803 4131 865 4191 vul,
883 4145 906 4182 a.
927 4131 951 4180 5.
972 4130 1089 4191 Huetius
1115 4130 1267 4181 demonstr..
1284 4129 1394 4196 Evang-

255 4222 334 4275 prop.
350 4211 389 4261 lV.
406 4226 431 4276 p.
445 4214 502 4266 215.
519 4216 599 4272 Paris,
615 4216 687 4267 1690.
704 4214 756 4265 Gir.
771 4213 952 4278 Ghiringhello,
965 4211 1019 4264 Lib.
1031 4212 1075 4262 cit.
1092 4224 1115 4274 p.
1131 4210 1253 4261 495-496.

292 4291 327 4357 (2)
342 4293 419 4360 Proes.
436 4298 463 4348 tu
478 4298 575 4351 tortu.
