3134 4934
299 297 375 340 nass
387 298 422 339 ιι.
438 296 532 341 earur
547 297 575 341 v.
594 296 632 338 os
644 296 877 348 corruptorem
889 299 915 342 s.
933 290 1021 341 raum
1037 301 1197 346 srrsrous.
1255 282 1319 346 567

188 418 222 460 se
247 418 312 462 non
335 403 546 480 paterentur3
584 393 640 459 sed
676 416 749 460 eam
780 416 854 460 eum
880 397 1054 482 Evangelio
1076 398 1274 483 miscerent3
1300 423 1319 465 a

188 498 311 562 Christo
324 496 457 583 quidem
472 497 621 581 exempla
635 497 790 562 virtutum
811 507 964 583 petentes,
984 521 1022 563 ae
1040 500 1171 584 praemia
1190 501 1320 587 justitias

188 609 419 686 exspectantes,
440 600 543 686 ipsam
561 621 638 664 vero
651 599 808 685 justitiam
825 602 900 686 Legi
920 624 959 665 ae
978 603 1187 687 ceremoniis,
1202 606 1319 668 remis·-

188 705 311 768 sionem
338 713 446 768 autem
476 712 683 788 peecatorum
707 703 869 768 sacrifieiis
893 706 1074 789 expiatoriis
1098 705 1212 770 eadem
1235 708 1318 792 lege

188 807 390 891 praescriptis,
420 805 639 873 attribuentes.
663 807 699 869 ln
722 827 786 892 quo
810 827 919 871 errore
943 806 1149 889 destruendo,
1179 830 1243 873 uon
1267 810 1319 873 hic
1346 818 1352 823 “

154 940 158 945 ·
189 918 326 993 tantum,
346 929 460 972 verum
475 909 572 972 etiam
587 906 665 972 alibi
688 929 782 994 saepe,
808 908 863 973 sed
888 910 1027 973 maxime
1051 910 1084 973 in
1106 910 1253 996 Epistolis
1276 910 1319 974 ad

189 1018 355 1081 Romanos
377 1024 409 1079 et
427 1014 470 1079 ad
493 1014 623 1079 Galatas
640 1024 840 1101 occupatur3
865 1014 983 1101 quibus
1005 1015 1141 1102 proinde
1165 1018 1319 1082 cumbae

188 1120 331 1205 Epistola
347 1139 463 1204 magna
481 1127 527 1182 est
542 1118 723 1202 argumenti
742 1117 890 1183 affinitas.

233 1222 264 1285 5.
295 1223 468 1285 Auctoritas
492 1222 647 1285 cauorrieu.
673 1220 826 1301 Quamvis
856 1221 1002 1286 nonnulli
1025 1222 1103 1285 olim
1131 1223 1316 1305 latinorum,

188 1321 276 1386 ducti
300 1322 396 1386 variis
418 1320 595 1386 rationibus
618 1322 703 1387 infra
727 1322 936 1407 exponendis,
957 1320 998 1387 de
1021 1325 1161 1409 Epistola
1185 1323 1227 1390 ad
1250 1327 1318 1388 He-

133 1494 137 1500 ,
188 1424 282 1489 broeos
304 1423 403 1488 dubia
420 1425 590 1507 moverint,
611 1433 719 1489 tamen
736 1424 778 1489 ab
796 1425 883 1490 initio
907 1426 1077 1511 Scripturis
1094 1427 1191 1491 saeris
1209 1449 1318 1491 annu-

188 1536 312 1592 merata
340 1527 410 1591 fuit.
439 1527 565 1591 Etenim
589 1527 621 1590 in
643 1527 792 1592 omnibus
814 1528 952 1593 Orientis
974 1537 1006 1592 et
1028 1528 1156 1593 Greciae
1179 1530 1319 1595 ccelesiis

188 1638 225 1693 ut
252 1630 405 1693 canonica
425 1638 571 1714 suscepta
594 1630 665 1710 luit,
685 1638 717 1692 et
735 1652 756 1694 a
782 1631 945 1716 plerisque
967 1629 1115 1694 Patribus
1138 1629 1319 1696 Occidentis

190 1740 288 1818 atque
300 1732 343 1797 ab
359 1732 508 1797 omnibus
521 1725 663 1797 conciliis
678 1733 748 1796 aliis
765 1731 854 1797 libris
867 1733 965 1797 saeris
980 1731 1144 1817 adjuncta.

233 1837 265 1899 6.
284 1838 320 1899 Io
339 1836 470 1901 eeclesia
490 1835 707 1901 Alexandrina
724 1836 757 1901 S.
776 1837 945 1899 Pautoenus
962 1845 993 1899 et
1010 1835 1156 1900 Clemens
1173 1836 1318 1929 Alexan-

189 1937 302 2003 drinus
324 1939 499 2024 Epistolam
522 1939 563 2003 nd
586 1939 726 2003 Hebroeos
749 1948 780 2003 et
803 1937 946 2003 divinam
965 1936 1142 2023 pradicant
1164 1947 1195 2002 et
1217 1939 1317 2003 Paulo

189 2038 386 2104 adscribunt.
408 2064 423 2099 c
443 2039 600 2123 Clemens,
620 2041 666 2104 ait
684 2039 839 2105 Eusebius
858 2039 962 2127 (1),...
987 2040 1160 2125 Epistolam
1186 2041 1227 2104 ad
1248 2042 1317 2103 He-

187 2141 280 2206 broeos
296 2143 386 2207 Pauli
400 2140 532 2229 quidem
548 2164 615 2207 esse
633 2142 783 2226 affirmat,
803 2142 858 2208 sed
877 2141 1028 2207 hebraico
1047 2163 1195 2206 sermone
1207 2153 1317 2228 utpote

185 2241 230 2315 ad
246 2244 400 2308 Hebraeos
427 2245 568 2329 primurn
595 2245 748 2329 scriptam
777 2244 874 2309 luisse
900 2267 908 2307 r
930 2245 1049 2308 Lucam
1071 2265 1147 2308 vero
1168 2242 1318 2308 eamdem

186 2365 291 2430 graeco
308 2368 455 2411 sermone
476 2345 615 2411 studiose
638 2348 881 2432 interpretatum
899 2347 1010 2432 graeeis
1033 2345 1218 2410 bominibus
1245 2344 1318 2410 edi-

185 2448 280 2515 disse.
301 2450 408 2531 Quare
421 2450 453 2513 in
468 2471 506 2514 ea
519 2449 659 2535 Epistola
676 2459 708 2513 ct
721 2450 754 2512 in
768 2449 901 2514 Actibus
914 2448 1142 2535 Apostolorum
1165 2448 1317 2517 eumdem

186 2551 334 2639 diptionis
362 2555 504 2618 colorem
528 2553 674 2638 reperiri.
706 2552 798 2616 Hanc
826 2570 904 2617 vero
934 2553 1172 2637 inscriptionem
1195 2551 1317 2618 Paulus

185 2656 351 2741 Apostolus
373 2666 458 2722 reete
487 2666 584 2743 atque
609 2656 722 2722 ordine
749 2657 898 2721 omissam
923 2656 1020 2720 luisse
1050 2655 1210 2721 observat.
1237 2656 1316 2720 Cum

185 2759 272 2821 enim
293 2757 436 2822 Hebraeis
451 2758 604 2823 scriberet
620 2759 675 2845 qui
694 2758 854 2823 sinistram
869 2755 911 2822 de
928 2759 996 2842 ipso
1013 2758 1198 2842 opinionem
1214 2759 1317 2822 multo

184 2869 259 2923 ante
291 2859 515 2925 combiberant
545 2862 715 2947 ipsumque
739 2854 920 2946 suspectum
946 2859 1108 2924 habebant
1134 2882 1142 2923 t
1167 2857 1317 2943 prudenti

186 2964 317 3029 consilio
334 2986 421 3046 usus,
441 2966 513 3029 illos
528 2943 707 3031 absterrere
724 2967 829 3030 statim
846 2964 890 3029 ab
909 2965 998 3029 initio
1015 2964 1159 3049 apposita
1181 2963 1317 3027 nominis

184 3069 232 3132 sui
250 3068 456 3153 inscriptione
473 3069 586 3133 noluit.
601 3096 616 3131 »
635 3068 757 3134 Deinde
770 3068 936 3155 aliquanto
948 3077 1018 3152 post
1032 3068 1081 3131 his
1097 3067 1196 3131 utitur
1211 3065 1319 3130 verbis

185 3169 348 3236 Clemens:
360 3195 374 3229 a
384 3171 456 3234 lam
469 3193 559 3254 vero,
574 3173 655 3236 sieut
669 3172 783 3237 beatus
794 3170 920 3236 dicebat
938 3168 1315 3256 presbyterffantrenus),

185 3273 449 3359 quandoquidem
457 3275 612 3340 Dominus
625 3275 916 3360 omnipotentisDei
928 3272 1098 3359 Apostolus
1111 3271 1153 3336 ad
1164 3271 1318 3336 Hebraos

185 3376 299 3440 missus
315 3377 432 3460 fuerat,
450 3399 509 3462 pro
525 3377 682 3443 modestia
703 3379 822 3442 Paulus
839 3386 948 3462 utpote
973 3377 1029 3462 qui
1051 3375 1092 3440 ad
1116 3385 1227 3460 gentes
1250 3384 1318 3439 erat

185 3476 337 3560 directus,
363 3479 781 3565 HebraeorumApostolum
806 3501 839 3544 se
862 3480 994 3544 minime
1014 3478 1169 3561 inscribit3
1187 3487 1255 3542 tum
1272 3478 1316 3543 ob

185 3599 275 3644 suam
305 3600 380 3664 erga
412 3582 585 3645 Dominum
616 3571 841 3664 reverentiam,
871 3591 939 3645 tum
963 3580 1050 3667 quod
1076 3579 1314 3645 exabundanti

183 3680 226 3746 ad
249 3682 403 3748 Hebraeos
427 3684 494 3768 ipse
516 3686 660 3768 gentium
683 3705 788 3770 praeeo
812 3693 843 3748 et
861 3684 1032 3770 Apostolus
1050 3682 1215 3748 scriberet.
1238 3710 1252 3743 »
1278 3684 1315 3747 ln

183 3783 274 3848 libris
308 3786 495 3853 Stromutum
524 3787 671 3851 Clemens
701 3788 814 3873 saepius
835 3787 1011 3873 Epistolam
1039 3784 1082 3850 ad
1105 3783 1258 3849 Hebraeos
1281 3796 1316 3849 ut

183 3887 384 3972 Scripturam
400 3908 527 3951 sacram
543 3897 575 3951 ct
591 3910 671 3973 opus
689 3889 780 3952 Pauli
796 3889 916 3973 allegat
931 3888 992 3975 (2).

229 3988 261 4052 7.
286 3987 350 4052 Alii
371 3988 513 4052 ecelesiae
533 3987 758 4054 Alexandrina
781 3998 813 4053 et
836 3991 1030 4077 AEgyptiaeae
1046 3990 1215 4075 scriptores
1239 3990 1316 4076 Epi-

218 4166 333 4229 titillat.
349 4167 416 4219 Eeel.
434 4168 475 4230 Vl,
491 4170 534 4220 tt.
1223 4174 1226 4181 “

220 4247 257 4309 (9)
268 4248 330 4300 Vide
342 4249 443 4301 Patrol.
459 4263 538 4316 proec.
554 4250 649 4313 tVlll,
660 4253 708 4303 col.
728 4253 786 4313 tta,
799 4252 856 4315 tet,
873 4252 932 4317 939,
950 4252 1009 4316 sss,
1023 4251 1083 4315 tos,
1100 4258 1149 4304 ete.
1163 4253 1215 4304 err.
1228 4253 1251 4305 l.
1267 4253 1317 4305 Le-

186 4344 291 4396 uourrr,
305 4335 413 4385 Dtsscrt.
426 4334 454 4385 iu
465 4332 509 4385 ut.
521 4333 647 4387 Stromat.
658 4333 722 4387 toto.
738 4336 785 4388 cot.
801 4337 871 4387 1993.
