3166 4958
247 271 311 339 ‘tta
464 295 664 338 irrrooacrro
688 295 834 341 sracrarrs
854 297 888 340 nr
910 298 936 342 s.
962 298 1160 345 scararum.

249 398 336 459 mine
352 395 519 479 losephus‚
538 396 725 460 hebraicum
745 398 880 462 Mattbaei
896 398 1039 465 codicem
1055 399 1222 465 Tiberiade
1242 401 1274 464 in
1289 420 1376 464 aera·

249 501 310 581 rio,
336 497 396 563 sub
416 499 608 583 imperatore
631 499 847 584 Constantino,
872 500 979 566 adhuc
1003 503 1160 568 invenerit
1186 502 1247 589 (1).
1278 500 1376 584 Quod

251 612 359 666 autem
372 600 541 666 hebraicus
553 603 585 666 S.
601 603 738 667 Mattbaei
750 612 852 668 textus
864 625 939 668 mox
951 604 1135 690 deperditus
1147 607 1243 670 fuerit
1255 608 1376 670 mirum

252 713 385 787 nonest,
402 725 502 789 quum
515 705 655 768 ecclesiae
667 705 916 790 Paloestinenscs,
929 709 961 770 in
974 728 1112 793 quarum
1124 709 1260 793 gratiam
1273 707 1377 772 editas

252 808 368 889 fuerat,
387 828 473 889 mox,
491 805 604 871 dirutis
616 807 853 894 Hierosolymis,
874 817 992 875 eversae
1009 811 1138 876 fuerint.
1159 811 1262 876 Gratis
1278 833 1376 897 porro

243 912 401 975 'asseritur
413 912 471 975 has
484 911 634 975 ecclesias
646 913 740 976 istum
755 922 875 976 textum
889 934 1055 999 nunquam
1066 912 1261 998 adhibuisse,
1275 915 1378 1000 siqui-

252 1013 327 1078 dem
342 1015 405 1077 hoc
418 1013 531 1077 nullibi
547 1012 674 1096 dicitur3
693 1035 711 1077 c
725 1024 835 1078 contra
848 1025 933 1079 secta
944 1016 1178 1100 Nazareorum,
1190 1038 1210 1080 a
1221 1015 1378 1080 Christia-

252 1120 304 1182 nis
313 1116 431 1181 Judarae
443 1117 600 1202 originem
612 1116 744 1199 ducens,
759 1118 846 1182 hunc
858 1127 980 1183 textum
993 1121 1026 1183 in
1040 1120 1102 1183 suis
1115 1119 1247 1184 caetibus
1258 1118 1378 1183 diutius

253 1220 359 1305 legere
377 1219 526 1304 perrexit,
540 1208 638 1304 quem
653 1213 773 1282 textum
789 1228 975 1304 corruptum
991 1230 1098 1284 tamen
1114 1221 1210 1284 etiam
1223 1220 1378 1284 Ebionitae

253 1331 460 1407 susceperant
480 1320 539 1407 (2).
564 1319 656 1402 Quod
674 1330 781 1384 autem
800 1322 933 1386 ccclesia
949 1322 1076 1410 Syriaca
1096 1344 1153 1386 usa
1174 1325 1212 1387 sit
1232 1324 1378 1388 versione

253 1447 292 1490 cx
308 1446 411 1510 graeco
429 1426 513 1489 facta
534 1426 595 1505 lioc
616 1425 748 1489 fortasse
764 1426 909 1509 provenit
926 1448 966 1489 cx
982 1448 1020 1491 eo
1036 1425 1123 1513 quod
1140 1437 1226 1510 tunc,
1247 1425 1378 1512 quando

254 1531 338 1594 facta
352 1537 399 1592 est
412 1529 513 1591 versio
527 1528 674 1611 simplex,
684 1528 880 1644 exemplaria
893 1537 996 1592 textus
1008 1529 1189 1614 primigenii
1202 1550 1265 1594 non
1278 1537 1379 1593 exsta-

254 1630 332 1695 bant
348 1653 386 1695 eo
404 1631 437 1694 in
460 1631 530 1693 loco
549 1628 605 1693 ubi
623 1631 677 1693 illa
694 1631 797 1695 versio
821 1631 905 1694 facta
928 1643 985 1697 cst.
1010 1632 1041 1695 Si
1067 1653 1143 1697 vera
1164 1633 1202 1695 sit
1218 1632 1377 1697 Garatonii

254 1735 420 1815 sententia,
440 1754 505 1796 non
521 1730 659 1796 defuerit
674 1733 761 1817 apud
779 1733 872 1820 Syros
887 1734 989 1798 versio
1007 1756 1045 1798 cx
1061 1735 1222 1799 aramaico
1241 1733 1377 1799 Matthaei

254 1847 341 1903 textu
359 1836 516 1901 coniecta.

252 1942 350 2006 10.
369 1939 551 2003 Adversarii
568 1937 764 2003 contendunt
779 1939 837 2002 2⁰.
859 1940 1041 2004 Matthaeum
1056 1939 1201 2025 pluribus
1216 1941 1378 2005 consultu-

254 2067 328 2110 rum
346 2045 496 2126 fuisse,'
473 2065 498 2107 ει
516 2063 617 2127 graece
634 2042 819 2126 scripsisset,
837 2044 990 2128 quoniam
1007 2044 1040 2107 in
1054 2044 1220 2108 Palaestina
1240 2044 1378 2107 maxime

256 2149 435 2214 communis
451 2154 520 2210 crat
536 2144 638 2230 hujus¹
650 2146 766 2229 linguae
783 2165 869 2209 usus.
889 2145 1112 2231 Respondetur
1127 2155 1297 2233 utramque
1313 2147 1379 2209 lin·

256 2273 352 2338 guam
369 2260 400 2314 ει
416 2270 552 2335 graecam
580 2257 610 2311 et
633 2249 1103 2333 aramaicam-palaestincnscm
1124 2252 1157 2313 in
1177 2248 1288 2314 Judaea
1304 2259 1380 2314 tunc

258 2356 411 2440 temporis
424 2355 519 2417 fuisse
532 2353 691 2434 usitatam,
704 2349 760 2414 sed
773 2353 967 2416 aramaicam
980 2352 1075 2417 fuisse
1093 2354 1203 2438 populi
1219 2374 1381 2418 vernacu-

259 2460 337 2541 lam,
353 2476 488 2542 graecam
512 2476 589 2518 vero
609 2451 650 2517 ad
668 2462 834 2517 extrancos
846 2463 877 2518 et
892 2452 1050 2519 doctiores
1065 2457 1167 2540 magis
1179 2456 1378 2540 pertinuisse.

255 2553 365 2642 'Quum
378 2569 485 2623 autern
498 2558 662 2621 Matthaeus
674 2558 883 2641 Evangelium
900 2579 992 2622 suum
1013 2580 1071 2643 pro
1094 2559 1303 2643 popularibus
1319 2559 1382 2622 suis
1436 2633 1439 2636 Α

258 2664 301 2729 ad
315 2662 410 2727 fidem
425 2647 584 2726 conversis
599 2661 830 2744 conscripserit,
846 2661 904 2746 ipsi
918 2663 1021 2746 potius
1034 2661 1189 2726 utendum
1202 2663 1262 2726 fuit
1274 2662 1383 2747 lingua

260 2768 430 2834 vernacula
451 2784 549 2850 quarn
570 2784 699 2848 graeca,
721 2762 806 2827 unde
831 2773 941 2828 contra
963 2762 1162 2829 adversarios
1183 2763 1384 2830 concluditur

258 2872 387 2935 illorum
412 2867 625 2953 objectionem
647 2856 711 2930 no'n
737 2876 860 2930 tantum
880 2868 999 2932 nullius
1017 2890 1084 2948 esse
1102 2866 1263 2954 pandoria,
1287 2867 1343 2932 sed
1366 2888 1383 2932 e

259 2981 369 3037 contra
381 2961 462 3033 thesi
477 2978 589 3032 nostrae
605 2968 714 3031 favere
727 2977 757 3031 ct
770 2968 901 3031 Patrum
914 2967 1117 3033 traditionem
1131 2968 1271 3034 firmare.
1289 2967 1384 3051 Quod

259 3085 366 3140 autem
385 3075 494 3157 lingua
514 3069 772 3156 syro-chaldaica
797 3071 893 3134 luerit
913 3072 1023 3157 populi
1047 3073 1218 3136 vernacula
1242 3081 1329 3157 patet
1345 3093 1384 3135 ex

259 3176 404 3262 plurimis
421 3174 666 3257 Evangeliorum
684 3181 715 3235 et
729 3172 867 3236 Actuum
880 3172 1107 3257 Apostolorum
1121 3174 1209 3237 locis.
1226 3173 1277 3237 Sic
1290 3173 1386 3237 Chri-

260 3290 325 3344 stus
341 3277 383 3342 ad
399 3279 496 3341 vitam
513 3296 667 3340 revocans
679 3274 779 3339 filiam
793 3276 870 3340 Jairi
883 3277 990 3361 (Marc.
1005 3276 1046 3360 V,
1061 3277 1115 3358 il)
1131 3297 1205 3340 usus
1219 3284 1265 3340 εει
1277 3276 1386 3360 lingua

258 3383 444 3462 aramaica3
483 3377 597 3442 eadem
631 3399 706 3441 usus
739 3386 785 3440 est
807 3377 862 3442 ubi
896 3380 1018 3442 sanavit
1042 3378 1174 3444 surdum
1199 3388 1229 3442 ει
1260 3387 1385 3442 mutum

259 3485 367 3569 (Marc.
390 3481 462 3562 Vll,
483 3479 550 3564 54).
576 3480 614 3542 In
633 3500 727 3543 cruce
751 3489 840 3544 actus
864 3481 1080 3546 exclamavit:
1105 3482 1169 3556 Eli,
1186 3479 1249 3556 Eli,
1274 3479 1388 3543 lamara

259 3586 414 3651 sabactani
424 3583 545 3668 (Mattio.
561 3581 692 3665 XXVII,
707 3582 774 3666 46).
796 3583 898 3647 Lucas
919 3584 1028 3647 asserit
1041 3584 1123 3669 (Act.
1137 3586 1163 3666 I,
1176 3583 1231 3670 19)
1243 3584 1387 3666 linguam

259 3687 445 3753 hebraicam
456 3707 511 3748 seu
521 3684 716 3748 aramaicam
727 3705 793 3746 esse
805 3684 947 3768 linguam
958 3687 1122 3770 propriam
1131 3684 1315 3777 Judaeorum
1323 3684 1383 3770 (ὅ).

258 4002 291 4051 ad
304 3997 417 4049 Pantaeni
430 4007 510 4058 usque
524 3992 679 4044 adventum
672 4005 697 4041 ro
710 3989 778 4042 india
792 3999 918 4043 serratum
930 3991 1008 4043 luisse
1023 3992 1083 4055 (vid
1100 3994 1245 4044 notationes
1255 3991 1344 4043 valesii
1356 3989 1387 4093 ad

259 4081 353 4132 Euseb
366 4078 396 4140 V,
412 4078 463 4139 10)

292 4162 394 4228 (rivio
408 4161 434 4211 s.
448 4159 571 4223 Epiphan.
586 4157 655 4208 aar.
669 4158 744 4218 xxx,
760 4156 784 4206 a
843 4121 844 4124 ¹

293 4243 329 4308 (Ξ)
342 4243 398 4294 vio
412 4242 475 4291 infra
490 4240 551 4307 §De
567 4241 668 4305 Evaap.
686 4242 825 4291 secandam
842 4239 970 4292 Hebimaos

295 4326 330 4390 (ὅ)
340 4324 390 4374 ista
401 4323 524 4373 dialectos
534 4335 565 4372 ex
575 4322 654 4372 vetari
666 4321 827 4372 Hebraeorum
837 4322 932 4386 lingua,
942 4324 1064 4374 immixtis
1078 4323 1179 4375 vocibus
1190 4329 1216 4374 et
1227 4323 1314 4374 lormis
1325 4322 1388 4386 syris
