3134 4934
303 317 379 359 rens
397 317 432 360 11.
451 315 546 358 meur
559 315 589 358 v.
607 314 647 355 nn
659 314 893 365 oonruonnecnu
907 315 932 357 s.
949 314 1038 356 raum
1052 315 1211 359 nnrsrous.
1264 295 1328 360 565

421 541 429 549 ·
453 515 526 578 XII.
553 517 598 578 De
619 514 761 599 Epistola
783 514 824 577 nd
842 513 1065 580 Philemonem.

161 756 177 803 ”.
237 749 269 811 1.
284 747 467 829 Philemon,
482 747 560 811 civis
575 746 780 831 Colossensis,
794 765 922 810 servum
939 746 1081 810 habehat
1096 748 1227 812 nomine
1241 715 1328 811 Oness

3 843 12 853 ’
126 927 129 933 ¹
194 851 324 932 simum,
346 850 414 936 qni,
433 870 507 912 eum
524 871 575 913 res
594 850 766 917 nonnullas
790 847 921 913 domino
942 870 1000 913 sno
1024 850 1110 914 furto
1134 851 1325 926 abstulisset,

192 952 320 1037 aufugit
343 954 495 1035 Romam,
518 952 587 1035 uhi,
613 950 721 1015 divina
740 950 773 1015 di
791 961 931 1035 ponente
950 954 1065 1037 gratia,
1087 974 1107 1015 a
1129 954 1230 1017 Paulo
1248 974 1327 1017 con·

193 1077 304 1120 versus
317 1065 348 1119 et
361 1054 540 1142 baptisatus
555 1054 615 1118 fuit
632 1054 693 1140 (l).
712 972 885 1139 hpdstolus
900 1064 976 1118 tuno
993 1057 1105 1119 Romae
1122 1056 1154 1118 in
1168 1055 1327 1141 prioribus

193 1159 259 1222 suis
280 1159 414 1223 vinculis
437 1167 506 1222 eret
521 1156 570 1243 (2)
585 1157 801 1244 sperabatquo
816 1178 849 1220 se
864 1156 954 1221 brevi
969 1157 1171 1221 liberandum
1185 1158 1246 1243 (5);
1265 1180 1328 1223 no-

193 1264 262 1326 lens
274 1282 371 1347 porro
388 1262 560 1346 Apostolus
571 1260 771 1344 Onesimum,
789 1261 888 1325 invito
904 1261 1104 1345 Philemone,
1120 1265 1233 1326 Rome
1249 1260 1327 1325 deti·

193 1362 430 1448 nere(15·ll),
448 1363 553 1448 ipsum
565 1363 607 1427 ad
623 1364 738 1427 herum
754 1383 848 1427 snum
864 1364 997 1446 remisit,
1012 1365 1118 1449 eique,
1137 1374 1203 1427 uta
1218 1364 1327 1432 Phile-2

193 1488 290 1532 mone
307 1466 434 1530 veniam
448 1466 617 1548 obtineret,
633 1467 717 1530 hanc
732 1464 774 1529 ad
793 1466 1015 1530 Philemonem
1034 1464 1123 1530 dedit
1137 1467 1324 1551 Epistulam.

194 1568 317 1633 Exinde
334 1568 404 1654 ejus
421 1577 646 1653 argumentum
664 1578 695 1633 et
711 1589 825 1653 scopus
843 1558 1074 1652 intelliguntur.
1093 1568 1225 1635 Veteres
1240 1590 1326 1632 non-

169 1756 172 1757 ,
194 1672 274 1735 nulli
290 1670 331 1735 de
347 1673 502 1736 canonica
525 1672 716 1737 auctoritate
736 1671 835 1758 hujus
854 1670 1002 1756 Epistolae
1024 1670 1123 1735 dubia
1143 1680 1325 1752 moverunt,

195 1774 281 1838 male
300 1781 521 1859 praetextentes
545 1772 614 1859 ojus
635 1773 842 1855 brevitatem,
868 1773 1121 1857 simplicitatem,
1146 1773 1327 1858 argumenti

196 1877 410 1940 humilitatem
434 1886 465 1940 et
481 1876 550 1962 styli
574 1875 894 1962 diversitatemque
917 1875 1119 1939 difficultates
1144 1875 1186 1938 ab
1207 1874 1327 1939 Hiero-
1422 1941 1425 1945 ,

197 2002 305 2066 nyma,
317 1981 546 2066 ⁴Chrysostomo
562 1981 697 2066 aliisque
708 1981 848 2066 antiquis
863 1978 1011 2043 Patribus
1026 1981 1137 2043 solutae
1149 1988 1232 2042 sunt.
1249 1979 1326 2064 Epi-

196 2085 276 2148 stola
292 2083 400 2148 isthaec
419 2084 625 2147 tenerrimam
646 2084 824 2148 christiane
845 2082 991 2146 amicitie
1009 2082 1198 2152 charitatem¹
1214 2082 1323 2165 spirat.

455 2304 542 2368 xm.
561 2306 607 2368 ne
623 2303 763 2389 speon
779 2304 819 2367 aa
836 2303 978 2368 aeaeae
998 2303 1059 2389 (t).
1107 2311 1151 2381 a,
1168 2282 1326 2421 nep.

238 2522 269 2585 1.
287 2523 334 2586 De
352 2523 494 2586 Paulinis
521 2523 679 2607 Epistolis,
698 2545 778 2609 quas
797 2523 965 2609 hucusque
985 2522 1215 2603 recensuimus,
1238 2543 1326 2584 nurn-

195 2643 292 2708 qutm
305 2626 389 2690 serio
404 2623 586 2690 dubitatum
603 2627 664 2690 luit
677 2626 754 2712 quin
771 2623 887 2690 divinae
904 2634 1008 2688 essent
1024 2623 1218 2688 auctoritatis
1235 2622 1324 2685 Pau-

194 2726 326 2813 lumque
339 2728 497 2807 haherent
512 2738 676 2793 auctorem
693 2750 731 2793 ac
751 2748 855 2813 graeca
873 2728 982 2811 lingua
1003 2726 1188 2811 conscriptae
1206 2734 1322 2789 essent.

193 2828 264 2894 Una
277 2830 319 2894 ad
332 2830 485 2895 Hebraeos
493 2832 633 2916 Epistola
643 2831 683 2895 de
693 2832 780 2895 hisce
793 2830 894 2894 trihus
907 2831 940 2894 in
949 2830 1199 2894 controversiam
1212 2829 1323 2892 vocata
1438 2863 1439 2866 ¹

193 2941 250 2996 est.
276 2932 319 2996 Ut
339 2935 408 2997 haec
431 2935 537 2997 omnia
559 2934 619 2998 rite
639 2933 862 3016 discutiantur,
889 2934 1031 3017 exposito
1056 2931 1202 3016 Epistolae
1225 2951 1322 3014 argu-

191 3042 313 3118 mento,
338 3034 485 3099 dicemus
508 3037 684 3123 successive
708 3034 750 3100 de
774 3034 843 3120 ejus
867 3035 1054 3121 auctoritate
1078 3032 1255 3114 canonica,
1281 3030 1322 3094 de

192 3145 334 3221 auctore,
353 3137 394 3225 de
418 3140 527 3223 lingua
552 3148 581 3203 et
602 3138 742 3224 denique
765 3136 807 3201 de
827 3137 898 3201 loco
915 3146 947 3201 et
964 3146 1108 3221 tempore
1128 3143 1159 3198 et
1181 3132 1224 3197 ad
1241 3154 1321 3220 quos

192 3241 370 3325 conscripta
389 3240 496 3305 fuerit.

235 3345 266 3407 2.
276 3346 511 3430 Arpannntnm.
525 3344 665 3430 Epistola
678 3344 718 3407 nd
728 3343 870 3408 Hebraeos
882 3343 1000 3429 partim
1011 3342 1191 3427 dopmnum,
1204 3342 1320 3427 partim

190 3446 393 3511 exhortatoria
411 3456 476 3532 est,
499 3469 563 3533 qua
584 3446 765 3531 dogmatica
783 3445 877 3510 docet
896 3446 1008 3510 Christi
1030 3443 1229 3529 dignitatem,
1247 3445 1321 3508 offi-

190 3548 276 3612 cium
300 3557 331 3611 et
351 3547 564 3634 sacerdotium
589 3547 767 3612 sacerdotio
792 3549 919 3613 levitico
940 3547 1077 3613 multum
1100 3547 1364 3685 excellentiuspp,

190 3672 254 3736 qua
277 3651 488 3717 consolatoria
513 3652 660 3716 hortatur
679 3651 832 3716 Hebraeos
855 3649 897 3715 ad
914 3652 1185 3736 perseverantiam
1202 3652 1236 3713 in
1256 3648 1319 3712 fido

189 3754 302 3817 Christi
319 3764 350 3818 et
363 3755 566 3819 tolerantiam
584 3755 854 3840 persecutionum.
919 3742 922 3745 ¹

232 3854 264 3919 5.
287 3856 325 3920 Et
343 3856 448 3943 primo
466 3855 597 3943 quidem
621 3855 716 3920 docet
733 3855 905 3938 Christum,
920 3856 959 3921 Ν.
979 3857 1015 3920 Τ.
1030 3864 1207 3937 auctorem,
1228 3810 1371 3943 mul-lh
1445 3935 1449 3943 Ι

219 4100 255 4166 (ι)
269 4101 377 4152 nartem.
392 4101 431 4153 ro.

201 4182 414 4250 ztamsamn,
430 4185 470 4248 ro,
488 4187 529 4237 rs.
914 4228 919 4243 Ι
1049 4181 1175 4249 Ἣ)
1191 4167 1452 4267 mmmm

219 4266 256 4328 a)
270 4264 376 4317 meam.
395 4264 437 4319 as.
646 4308 648 4313 ,
838 4334 848 4347 l
1044 4276 1152 4367 ἶ
1193 4297 1269 4355 Ὗ(
1321 4288 1384 4304 ‚m
1403 4298 1419 4325 ,Ι

219 4347 256 4412 (t)
267 4346 319 4399 en.
335 4348 430 4412 tetius,
447 4352 586 4421 mamere
598 4349 626 4400 a
639 4349 723 4416 epar.
735 4350 771 4401 aa
785 4347 862 4400 arar.
875 4347 1020 4414 reeteque.
1122 4296 1200 4386 X*
1242 4296 1429 4422 lmine
1442 4364 1462 4435 ,⁴
