3134 4934
298 324 374 367 rans
386 325 420 366 11.
437 323 529 364 onrur
543 322 585 365 vr.
606 321 644 363 na
656 322 767 364 sarran
782 323 930 366 amerous
942 322 1129 367 carneuna·
1216 305 1278 367 577

148 423 336 510 apocrypha
349 420 410 507 (1).
425 419 574 484 Leontius
588 417 636 504 (ἢ)
650 427 682 482 et
694 420 912 485 OEcumenius
925 420 972 506 (5)
987 419 1280 485 denominationem

150 523 302 598 καθολικήν
315 545 389 588 cnm
402 544 481 587 voce
494 519 633 609 epotata
646 522 826 607 (circularia,
843 522 1039 609 uniuersalis)
1051 545 1181 608 prorsus
1201 544 1283 587 cen-

150 630 262 694 venire
279 635 432 691 statuunt.
453 627 600 710 Epistola
620 626 715 710 igitur
732 626 806 708 illae,
820 625 914 710 juxta
933 648 999 707 eos,
1022 626 1173 691 collectiore
1192 626 1284 690 dictae

151 733 285 814 fuerint,
301 732 454 817 quianon
469 728 623 793 distinctae
637 729 732 792 alicui
752 730 868 793 civitati
881 738 936 793 aut
952 730 1094 794 ecclesie
1111 738 1168 793 aut
1185 731 1283 813 genti,

155 831 432 921 quemadmodum
463 817 609 918 Epistolae
636 832 728 896 Pauli
758 830 1002 915 dedicabantur,
1026 830 1081 895 sed
1109 830 1151 895 ad
1172 831 1287 896 Christi

154 934 268 999 fideles
289 934 502 999 uniuersaliter
518 933 750 1019 dirigebantur.
779 933 955 999 Difficultas
978 943 1085 998 tamen
1107 935 1182 998 bulo
1210 955 1287 997 scn-

155 1040 261 1103 tentiae
274 1038 429 1123 ingeritur
441 1059 480 1100 ex
497 1034 634 1122 eoquod
649 1037 742 1100 tertia
754 1037 886 1101 loannis
902 1037 1040 1122 Epistola
1057 1036 1099 1101 ad
1116 1058 1286 1122 personam

155 1142 314 1227 privatam
332 1163 396 1204 non
414 1138 454 1204 ad
470 1139 584 1204 Christi
602 1138 712 1203 fideles
731 1140 953 1204 universaliter
973 1141 1070 1204 fuerit
1087 1138 1208 1203 directa
1225 1139 1285 1223 (4).

457 1373 481 1435 Ι.
509 1374 555 1436 De
576 1371 716 1457 Epistola
740 1371 773 1435 S.
800 1370 907 1435 Jorobi
925 1370 985 1457 (5)

203 1610 234 1672 1.
256 1608 491 1695 Arpurnentum.
507 1608 619 1671 Statim
636 1616 707 1692 post
722 1607 870 1693 Epistolae
882 1608 1134 1693 inscriptionem,
1149 1609 1282 1693 Aposto·
1310 1677 1313 1683 ,

157 1713 208 1775 lus
219 1710 347 1775 ludaeos
359 1710 401 1775 ad
413 1708 512 1774 fidem
528 1731 698 1774 conversos
713 1712 860 1774 bortatur
875 1709 917 1774 ad
933 1713 1038 1776 varias
1054 1711 1286 1794 tribulationes,

157 1812 274 1899 quibus
295 1813 424 1877 obnoxii
447 1822 563 1895 erant,
589 1814 661 1876 laeto
686 1833 724 1876 ar
748 1813 904 1876 constanti
929 1814 1037 1876 animo
1065 1812 1285 1898 perferendae.

154 1913 277 1978 Deinde
298 1920 352 1979 o'os
373 1915 489 1979 excitat
504 1913 546 1978 ad
563 1912 689 2000 agenda
706 1914 792 1980 bena
810 1935 907 1999 opera
924 1938 933 1983 a
952 1913 994 1978 ad
1015 1916 1151 1979 salutem
1169 1916 1289 2001 quippe

155 2040 254 2104 opera
272 2017 441 2104 jungenda
457 2028 530 2082 suut
546 2015 621 2082 fidei
646 2018 753 2103 (1-11).
770 2016 881 2081 Fidem
904 2017 1027 2104 absque
1051 2018 1202 2103 operibus
1224 2041 1287 2082 nou

158 2119 309 2206 prodesse
326 2121 504 2186 christianis
520 2119 562 2184 ad
579 2122 715 2185 salntem
730 2130 777 2184 est
791 2121 989 2206 prae'oipuum
1001 2121 1148 2205 Epistulae
1167 2122 1285 2184 thema.

159 2221 253 2304 Quod
273 2223 381 2286 thema
399 2221 478 2287 dum
494 2224 623 2305 evolvit,
643 2223 709 2307 agit
728 2221 770 2285 de
789 2223 898 2307 lingua
917 2221 1131 2306 refraenanda,
1148 2220 1189 2285 de
1213 2243 1289 2285 mu-

158 2348 234 2389 nere
251 2324 444 2411 praedicandi
454 2326 538 2413 (Ill),
551 2325 592 2390 de
608 2324 746 2390 vitandis
761 2325 869 2390 litibus
886 2335 918 2389 et
932 2324 1091 2390 servanda
1107 2348 1186 2412 paee
1203 2325 1287 2413 (tv);

158 2427 293 2492 divitum
310 2430 442 2494 crimina
464 2430 580 2515 arguit,
603 2449 761 2514 pauperes
782 2449 800 2490 a
822 2426 973 2492 divitibus
992 2426 1125 2492 afflictos
1143 2429 1287 2512 solatur3

157 2531 296 2617 denique
324 2533 500 2617 Epistulam
523 2529 644 2595 claudit
670 2532 702 2594 in
735 2531 926 2594 memoriam
948 2552 1102 2595 revocans
1122 2531 1289 2596 vitandum

150 2631 373 2719 juramentum
394 2644 425 2697 et
446 2642 683 2698 sacramentum
701 2642 851 2696 extremae
871 2633 1029 2697 unctionis
1044 2632 1171 2698 infirmo
1186 2636 1290 2698 susci·

157 2734 311 2821 piendum
325 2745 422 2821 atque
439 2757 497 2820 pro
516 2736 654 2800 invicem
673 2733 832 2799 orandum
850 2735 917 2820 (V).

202 2839 233 2902 ἢ.
253 2839 306 2901 Ad
332 2860 407 2922 quoe
428 2837 569 2923 Epistola
591 2839 688 2924 fuerit
707 2839 870 2907 destinato.
887 2839 1014 2903 Directa
1035 2839 1094 2902 luit
1112 2836 1153 2902 ad
1176 2858 1287 2902 omnes

152 2935 470 3022 judae-christianos
489 2946 576 3000 extra
589 2936 821 3022 lerosolymam
836 2946 1082 3021 commorantes,
1101 2945 1135 2999 ut
1147 2944 1234 3020 patet
1249 2958 1287 3000 ex

158 3039 363 3124 inscriptione
383 3061 392 3102 ε
412 3039 595 3106 docebas...
616 3040 769 3104 duodecim
786 3039 920 3103 tribulus
940 3060 1007 3124 quw
1028 3050 1098 3104 soret
1120 3040 1152 3102 in
1167 3039 1287 3124 disper·

158 3142 252 3215 aione,
269 3140 408 3205 solertem.
431 3142 509 3222 Quae
532 3152 605 3206 sunt
630 3144 662 3204 io
685 3142 882 3227 dispersione,
908 3139 942 3205 id
966 3151 1023 3226 cst,
1042 3161 1113 3228 quae
1133 3141 1286 3226 disperare,

157 3243 361 3307 disseminate
373 3255 445 3308 aaut
458 3247 538 3307 inter
552 3255 665 3330 pentes.

201 3346 232 3409 5.
251 3347 378 3411 Auctor.
394 3346 515 3411 Auctor
533 3368 565 3410 se
587 3348 731 3411 nominat
748 3346 892 3411 docebam
914 3349 973 3411 Dei
993 3359 1021 3410 et
1043 3350 1171 3412 Deretini
1192 3351 1292 3411 riustri

156 3470 276 3513 omnam
296 3449 336 3533 (Ι,
357 3448 414 3534 l);
437 3448 505 3532 sed,
526 3471 600 3514 eum
617 3451 727 3535 plures
745 3448 878 3535 hujusce
903 3450 1040 3514 nominis
1062 3451 1121 3515 viri
1146 3452 1178 3514 in
1199 3449 1288 3514 libris

158 3549 197 3613 N.
215 3551 251 3614 Τ.
271 3561 576 3637 commemorentur,
596 3555 667 3638 quis
681 3573 794 3616 eorum
809 3562 921 3617 auctor
938 3553 1107 3618 habendus
1121 3555 1161 3618 sit
1177 3555 1288 3639 inqui-

158 3651 296 3717 rendum
316 3663 374 3717 est.

190 3916 225 3982 (t)
238 3917 290 3969 ctr.
304 3918 409 3975 Euseb„
423 3920 490 3970 trist.
505 3918 574 3970 ticet.
586 3918 618 3980 tt,
631 3918 728 3983 233111,
741 3920 766 3980 5,
779 3917 821 3980 aa
832 3917 873 3981 Vt,
886 3920 927 3970 tl.

188 3997 223 4063 (2)
239 4000 274 4050 De
289 4000 372 4051 Sertis
387 3998 412 4049 2.
978 4011 984 4019 ’

186 4080 222 4145 (ὅ)
236 4081 339 4148 Protep.
353 4083 382 4132 in
399 4082 486 4147 Epist.
505 4080 596 4131 Jacob.
927 4124 931 4131 ,

188 4162 225 4226 (t)
235 4163 304 4214 Alias
316 4163 488 4215 recentiorum
506 4163 646 4213 sententias
661 4163 763 4228 egregie
777 4164 931 4214 examinatas
942 4163 1000 4215 ride
1010 4177 1049 4228 ep.
1067 4165 1168 4229 Ltagre.
1183 4163 1285 4231 Protrp.

154 4246 184 4296 iu
198 4245 284 4310 Epist.
297 4245 386 4297 Jacob.
399 4247 493 4298 boran.
509 4244 581 4296 roeo.
598 4259 623 4309 p.
640 4247 696 4298 t-8.

190 4328 225 4394 (a)
236 4327 288 4380 cu.
305 4329 405 4394 erige,
423 4328 606 4395 tntnpruouo
619 4328 702 4395 sper
714 4328 741 4381 s,
752 4312 851 4382 lacon
865 4330 956 4383 toea.
971 4329 1044 4383 roeo.
