3132 4964
294 335 357 399 teu
414 365 442 453 J,
474 328 478 333 ’
524 353 723 398 mrnooncrro
739 353 885 396 sonemus
901 353 976 396 ms.
997 353 1196 405 semmurum.

292 460 407 537 potest
423 451 532 514 Prima
543 473 617 536 pars
629 446 844 541 fflvcluti
860 448 1050 514 introductio
1072 461 1118 514 est
1138 462 1168 515 ct
1188 452 1328 516 continet
1345 473 1424 516 mo-

294 557 360 619 nita
374 563 405 618 et
418 554 650 645 exhortationes
661 551 702 617 ad
716 551 869 637 fugienda
880 553 954 617 vitia
968 563 1065 639 atque
1078 554 1287 619 excolendam
1299 556 1426 641 sapien-

294 659 385 739 tiam,
407 655 498 742 cujus
516 638 666 719 initium.
684 656 788 718 Timor
738 625 986 757 DouriutJA
1007 657 1161 740 sapientia
1182 667 1289 721 creata
1308 668 1425 723 auctor

295 757 438 823 ascendit
456 757 499 821 ad
515 757 655 822 divinm
669 759 914 883 pereatamque
929 758 1129 842 sapientiam,
1149 780 1246 845 quam
1267 761 1425 859 praeclaro

295 872 429 926 exornat
449 779 777 963 encomiod'becu'nda
796 881 869 944 pars
888 860 1098 950 Q
1090 860 1199 946 rncipit
1217 883 1291 926 cum
1308 862 1424 927 inseri-

296 967 427 1082 ptione·
445 963 606 1055 Parabolos
602 962 804 1038 Solomoah.
824 960 979 1026 Continet
986 972 1093 1027 autem
1111 965 1212 1028 multa
1228 974 1259 1027 et
1274 963 1425 1029 distincta

296 1068 376 1133 varii
399 1068 524 1152 generis
544 1064 715 1150 proverbia
740 1086 795 1129 scu
824 1065 961 1129 morales
981 1051 1220 1186 sententias]d·e
1228 1068 1371 1153 sapiente
1394 1078 1426 1130 et

297 1173 404 1256 stulto,
430 1171 470 1235 de
490 1171 577 1256 justo
600 1180 632 1234 et
653 1171 764 1255 impio,
790 1168 832 1233 de
855 1170 966 1234 labore
990 1180 1021 1234 et
1044 1172 1182 1256 pigritia,
1208 1172 1248 1236 de
1270 1172 1369 1237 divite
1395 1182 1427 1236 et

297 1296 451 1360 paupere,
474 1273 514 1337 de
532 1275 673 1338 castitate
691 1282 722 1336 et
743 1274 1010 1357 concupiscentia,
1031 1272 1072 1336 de
1092 1273 1260 1338 virtutihus
1277 1284 1308 1339 et
1328 1264 1428 1339 vitiis.

1066 1341 1395 1377 wazu—Q·

298 1379 368 1441 Istae
388 1385 494 1441 autem
507 1376 674 1439 sententiae
691 1377 734 1439 ita
745 1373 1045 1570 (Ιίιξιὶιιιιὰιιιιιι
1027 1385 1062 1439 ut
1080 1398 1138 1460 per
1157 1377 1339 1463 frequentes
1363 1400 1427 1442 an-

144 1476 161 1565 Js
211 1471 233 1565 ,ζ
298 1481 426 1543 titheses
443 1479 581 1543 vicissim
597 1478 794 1541 illustrentur
851 1479 930 1541 ertia
945 1500 1019 1562 pars
1036 1479 1147 1564 incipit
1164 1501 1182 1543 a
1200 1502 1272 1564 cap.
1291 1481 1427 1579 Qt

299 1581 520 1673 complectitur
533 1601 649 1659 nouam
658 1577 909 1664 proverbiorum
919 1580 1140 1656 collectionem
1146 1583 1426 1660 currrjfflscri-

298 1685 430 1777 phone:
445 1684 501 1746 Hoe
514 1705 630 1871 proque
635 1681 792 1801 parobolae
805 1682 975 1747 Solomonis
1002 1706 1077 1768 quas
1089 1685 1309 1750 transtulerunt
1324 1687 1423 1772 (hebr.

885 1731 1111 1879 dejCapita
1123 1788 1231 1852 ΧΧΧ-
1232 1688 1336 1853 XXXi
1350 1791 1426 1854 huic

300 1887 478 1950 collectioni
491 1784 645 1972 tanquani
653 1848 870 1970 appendicem
885 1885 1008 1950 addunt
1020 1888 1191 1954 Proverhia
1192 1889 1297 1977 Agar
1311 1892 1423 1978 (Vulg.

299 1989 552 2103 Congregantis),
575 1991 827 2054 exhortationem
827 2012 980 2199 lpoam
965 1993 1033 2077 regi
1053 1961 1196 2057 hamueli
1214 1993 1302 2059 dedit
1321 2004 1426 2058 mater

300 2090 380 2176 ejus,
407 2091 546 2208 denique
573 2092 690 2176 XXXI,
717 2093 779 2155 lo-
781 2093 819 2155 51
846 2064 976 2156 cadmeo
999 2092 1274 2184 alphabetrcum
1261 2096 1426 2160 continens

299 2195 494 2277 encomium
501 2193 659 2265 mulieris
660 2142 770 2281 sortis]

343 2297 374 2360 5.
386 2297 510 2360 Auctor.
519 2296 683 2377 Salomon,
692 2296 821 2361 Doridis
834 2297 956 2361 lilius
928 2320 1061 2384 eJusque
1073 2299 1106 2361 in
1118 2299 1233 2363 throno
1248 2321 1440 2382 successor,

299 2400 414 2463 locutus
430 2410 473 2463 est
489 2402 548 2462 tria
565 2398 663 2461 millia
673 2399 837 2483 parabolas
851 2424 861 2461 .·
878 2413 905 2464 et
919 2402 1045 2486 fuerunt
1060 2405 1195 2464 carmine
1209 2404 1274 2486 ejrrs
1293 2406 1427 2489 quinque

299 2515 327 2566 et
336 2501 429 2566 mille.
445 2504 485 2565 Et
497 2503 662 2586 disputavit
673 2524 764 2587 super
778 2503 881 2587 lippis,
896 2527 915 2565 o
928 2505 1013 2568 cedro
1027 2526 1094 2590 quor
1106 2517 1149 2568 est
1162 2507 1194 2567 in
1206 2504 1320 2569 bibano
1331 2528 1427 2591 usque

299 2606 340 2668 od
353 2605 529 2691 hyssopum,
546 2627 613 2690 que
630 2607 780 2691 reproditur
797 2608 833 2669 de
850 2610 964 2690 pariete
981 2631 991 2670 .·
1015 2620 1043 2671 et
1059 2608 1201 2672 disseruit
1217 2609 1253 2671 de
1262 2611 1425 2693 jumentis,

300 2717 328 2769 et
343 2704 529 2779 vnolrtcrt'bus,
549 2718 576 2769 et
599 2706 756 2792 reptilibus
779 2719 807 2771 et
822 2708 954 2792 piscihus
974 2708 1034 2795 (l).
1056 2709 1179 2774 Harum
1196 2710 1425 2795 parabolarum
1457 2782 1461 2787 ,

300 2811 457 2874 illustrem
475 2808 649 2895 quamdam
668 2820 792 2895 partem
810 2813 844 2875 in
863 2813 925 2877 hoc
940 2813 1189 2878 Proverhiorum
1206 2814 1287 2880 libro
1304 2806 1426 2903 absque

303 2912 402 2978 dubio
424 2911 634 2997 possidemus.
659 2915 740 2977 Nam
765 2915 852 2980 initio
878 2918 972 2981 totius
996 2919 1100 3002 operis
1121 2920 1319 3005 premissum
1344 2929 1391 2983 est
1417 2940 1425 2980 t

301 3015 465 3079 Parabohe
481 3015 664 3090 Solomonis,
682 3017 744 3102 fittt
758 3019 869 3092 David,
889 3022 967 3104 repis
985 3020 1092 3084 lsrael.
1110 3019 1160 3084 Ad
1176 3021 1362 3106 finemcap.
1383 3023 1427 3085 IX

300 3118 416 3183 eadem
442 3116 521 3181 redit
548 3119 734 3204 inscriptio,
757 3130 788 3183 et
812 3142 883 3205 cap.
905 3121 1006 3205 XXV,
1030 3124 1045 3186 l
1072 3144 1180 3186 rursus
1203 3121 1318 3186 dicitur
1339 3146 1347 3186 ι
1372 3124 1428 3186 Hae

301 3244 417 3307 quoque
430 3221 585 3305 parobolae
601 3221 783 3298 Solomonis,
798 3246 874 3309 quos
889 3225 1107 3288 transtulerunt
1120 3229 1180 3289 oiri
1196 3227 1333 3290 Ezeeht'oe
1349 3229 1427 3313 repis

302 3325 396 3387 tota.
424 3324 501 3404 Quae
523 3335 630 3389 autem
660 3347 753 3411 capp.
785 3328 1001 3391 XXX-XXXI
1023 3330 1172 3414 leguntur
1191 3330 1361 3414 proverbia
1386 3327 1427 3393 ad

301 3427 380 3489 alios
404 3436 550 3490 auctores
573 3431 732 3512 pertinere
756 3451 796 3492 ex
819 3439 905 3494 textu
927 3430 1079 3496 hebraico
1109 3432 1277 3517 colligitur.
1302 3434 1426 3497 Etenim

302 3527 465 3611 inscriptio
502 3550 574 3614 cap.
599 3531 689 3593 XXX
713 3531 809 3595 hahet
835 3556 843 3594 τ
875 3534 976 3597 Verba
998 3534 1109 3618 Apus,
1132 3533 1195 3617 fito·
1214 3535 1322 3598 taket.
1349 3535 1426 3617 Ques

301 3630 401 3695 verba
413 3640 568 3716 tanquam
583 3635 776 3718 appellativa
788 3634 952 3699 assumens
964 3630 1076 3700 auctor
1089 3637 1233 3721 Vulgatae
1245 3638 1403 3702 transtulit
1417 3659 1424 3699 ι

303 3735 337 3802 V
335 3734 404 3817 erla
423 3733 652 3820 Couprepontt's,
668 3736 730 3822 fittt
745 3738 777 3802 V
776 3743 913 3804 omentis.
933 3739 1015 3803 Hinc
1040 3740 1184 3803 nonnulli
1196 3756 1198 3760 '
1210 3750 1323 3825 putant
1340 3742 1425 3806 hisce

301 3837 407 3901 verbis
438 3835 599 3922 designari
632 3839 862 3924 Salomonem,
893 3843 948 3927 qui
979 3841 1055 3906 alibi
1085 3842 1275 3907 Ecclesiastes
1298 3842 1424 3907 dicitnr.

301 3938 409 4005 Verba
422 3960 493 4024 cap.
514 3940 619 4003 XXXI
635 3941 778 4007 Lamueli
795 3945 861 4027 regi
882 3944 1075 4008 tribuuntur.
1094 3927 1176 4026 Quia
1196 3964 1272 4009 vero
1289 3947 1426 4011 ista'vox

301 4041 452 4105 hebraice
468 4052 579 4106 sonat:
597 4042 660 4122 Qui
673 4046 737 4108 Deo
749 4058 802 4119 est,
820 4047 860 4109 ad
871 4049 966 4111 Deum
977 4051 1110 4132 pertinet
1122 4071 1136 4128 ,⁰
1150 4049 1213 4111 Deo
1229 4061 1426 4126 consecratus,

301 4141 377 4205 hinc
389 4163 496 4206 rursus
509 4145 653 4208 nonnulli
671 4166 709 4208 ea
715 4145 877 4211 Salomoni
892 4148 1045 4233 tribuunt,
1060 4148 1158 4235 idque
1172 4171 1208 4213 eo
1221 4150 1323 4234 magis
1340 4145 1426 4236 quod
1465 4186 1468 4193 ·

336 4360 371 4428 (1)
381 4362 422 4412 ΙΙΙ
432 4363 491 4431 Rep.
510 4363 549 4426 lV,
566 4364 654 4417 ffll.
