3132 4964
457 340 532 384 rans
544 340 567 383 1.
582 339 675 385 osrur
686 340 750 382 xxr.
767 338 805 382 nr
820 338 911 382 mano
922 339 1053 382 runca.
1255 315 1317 379 tet

186 457 258 523 qua
274 439 449 504 utebantur
461 439 562 503 Judaei
575 434 767 528 h'ellenistaey
775 439 892 504 Arserit
905 447 1016 504 auctor
1033 437 1161 503 Constet.
1175 436 1313 522 Apostol.
1409 429 1413 436 ’

184 540 250 605 lib.
262 541 289 605 l.
306 564 378 628 cap.
393 541 551 608 bludaeos
563 544 595 606 in
608 542 742 607 solemni
754 542 947 627 Expiationis
960 541 1038 606 festo
1051 540 1172 605 librum
1188 539 1316 605 Baruch
1370 544 1375 555 '

121 660 124 667 ’
186 646 379 729 perlegisse.
448 667 483 743 (5
1286 695 1294 715 ,

238 749 270 811 8.
285 746 314 810 A
327 746 629 811 Judoeishellenistis
644 746 762 811 librum
778 746 905 811 Baruch
922 746 1270 832 acceperuntllpostoli
1286 753 1317 808 et
1392 774 1395 783 ·
1452 749 1460 765 ‘

186 849 316 935 antiqui
328 849 449 932 Patres,
470 850 525 935 qni
543 848 655 933 saepius
674 849 973 936 Baruch'tanquam
991 869 1104 914 verum
1122 849 1317 933 Prophetam

186 954 424 1038 allegaverunt.
444 951 551 1033 Quum
568 960 677 1016 autem
695 951 829 1015 firmiter
848 961 993 1015 tenerent
1012 951 1140 1015 Baruch
1158 949 1317 1013 notarium

186 1056 291 1120 fuisse
306 1055 464 1139 leremiae,
484 1052 552 1141 ejus
571 1053 689 1118 librum
709 1056 822 1139 sapius
839 1053 900 1118 snb
919 1055 1047 1118 nomine
1067 1055 1214 1119 leremioe
1233 1052 1315 1116 cita-

186 1135 364 1248 runt]lloc
375 1167 482 1221 autem
494 1156 566 1221 ideo
579 1158 704 1222 facilius
715 1156 824 1241 fiebat,
840 1157 927 1244 quod
939 1157 1020 1221 liber
1031 1157 1158 1222 Baruch
1171 1155 1316 1242 prophe-

185 1263 243 1326 tiis
265 1261 409 1325 Jeremiae
432 1261 465 1323 in
488 1259 599 1323 Bibliis
622 1260 810 1345 conjunctus
830 1259 1012 1324 baberetur.
1038 1261 1070 1323 S.
1094 1261 1231 1323 lrenaeus
1255 1258 1315 1322 sub

187 1365 323 1429 nomine
338 1364 483 1428 leremiae
499 1372 530 1427 et
546 1370 699 1448 tanquam
717 1363 915 1449 scripturam
931 1362 1074 1427 divinam
1090 1362 1200 1427 recitat
1217 1382 1312 1446 capp.

186 1467 285 1534 ΙΙΙ-Ι
299 1466 370 1532 libri
383 1467 522 1531 Baruch.
537 1467 708 1531 Praeiverat
722 1466 954 1552 Athenagoras,
969 1467 1115 1553 quamvis
1131 1487 1233 1551 pauca
1248 1466 1315 1550 ipse
1440 1490 1442 1494 ·

187 1591 234 1633 ex
255 1568 424 1654 Scripturis
448 1570 582 1651 recitet,
607 1579 638 1633 et
661 1570 768 1633 locum
790 1570 865 1631 Bar.
890 1568 948 1650 ΙΙΙ,
972 1568 1013 1631 56
1038 1569 1120 1632 inter
1142 1567 1273 1633 oracula
1295 1588 1315 1630 a

188 1672 311 1758 Spiritu
324 1681 432 1737 sancto
445 1671 560 1737 dictata
582 1672 785 1756 allegaverat.
806 1672 1017 1736 Tertullianus
1034 1672 1154 1757 pariter
1173 1671 1232 1736 sub
1252 1693 1315 1736 no-

190 1776 282 1840 mine
293 1776 439 1840 Jeremiar
450 1775 568 1839 librum
581 1775 708 1840 Baruch
722 1776 850 1860 allegat,
865 1773 953 1862 qnod
965 1784 995 1839 et
1007 1775 1084 1839 facit
1095 1776 1127 1840 S.
1141 1775 1315 1862 Cyprianus

189 1881 302 1943 locum
325 1881 400 1942 Bar.
426 1878 484 1962 ΠΙ,
505 1877 548 1942 55
570 1878 721 1943 adversus
742 1877 869 1942 ludaeos
890 1877 1026 1942 afferens
1049 1877 1091 1942 ad
1113 1877 1316 1965 probandam

188 1982 308 2047 Christi
326 1981 535 2045 divinitatem.
555 1980 701 2045 Clemens
714 1978 947 2044 Alexandrinus
963 1982 996 2043 in
1011 1981 1182 2067 Perdapoyo
1196 1983 1315 2066 pluries

190 2085 314 2149 librum
327 2085 455 2149 Baruch
468 2084 528 2148 sub
540 2086 668 2149 nornine
680 2085 825 2148 Jeremiae
841 2084 892 2148 vel
904 2082 1019 2149 divinae
1034 2084 1203 2169 Scripturae
1215 2084 1316 2149 addu-

188 2187 248 2251 cit.
274 2186 305 2248 S.
331 2187 518 2272 Hippolytus
539 2184 691 2250 adversus
713 2184 858 2249 haeresim
882 2185 971 2249 Nocti
999 2186 1126 2250 invocat
1154 2188 1230 2253 Bar.
1254 2188 1312 2272 Ill,

188 2289 312 2373 56-58,
325 2299 357 2354 et
368 2311 408 2354 ex
420 2288 488 2375 ejus
503 2288 594 2354 dictis
605 2297 727 2354 constat
741 2288 911 2353 Noetianos
923 2290 1011 2353 hunc
1026 2287 1145 2352 librum
1160 2299 1314 2375 tanquam

189 2392 390 2477 Scripturam
403 2394 574 2477 suscepisse
589 2393 648 2479 (l)
667 2392 724 2456 His
740 2393 940 2457 consentiunt
955 2392 988 2456 S.
1011 2392 1130 2476 Melito,
1149 2391 1312 2479 Origenes,

175 2495 226 2558 ‘S.
246 2494 447 2578 Athanasius,
466 2494 498 2558 S.
513 2494 713 2576 Ambrosius,
729 2505 789 2559 etc.

238 2599 269 2661 9.
305 2597 376 2683 obj.
400 2598 531 2662 Librum
562 2598 689 2663 Baruch
714 2600 899 2663 auctoritate
928 2597 1053 2663 destitui
1076 2597 1187 2685 patetr
1213 2599 1246 2664 1⁰
1268 2600 1314 2663 Ex

190 2703 335 2766 historia.
350 2701 432 2765 Nam
444 2701 525 2766 liber
537 2702 665 2767 Baruch
678 2724 786 2767 secum
802 2704 869 2787 ipse
885 2712 1023 2788 pugnat,
1038 2705 1188 2788 supponit
1199 2704 1315 2767 urbem

190 2802 341 2867 incendio
352 2802 491 2867 deletam
504 2803 543 2888 (Ι,
559 2802 606 2886 2.)
619 2813 650 2868 et
662 2804 817 2888 templum
831 2801 936 2867 adhuc
946 2812 1033 2868 stans
1050 2804 1091 2888 (l,
1106 2804 1180 2889 ll),
1194 2813 1316 2889 pugnat

192 2925 269 2968 cum
291 2905 360 2968 aliis
383 2904 472 2968 libris
494 2906 591 2969 sacris
612 2930 620 2968 ε
638 2926 713 2969 narn
739 2907 815 2969 Bar.
838 2907 877 2987 Ι,
898 2906 919 2968 ὅ
942 2905 1025 2969 liber
1045 2905 1173 2969 Baruch
1199 2906 1315 2991 legitur
1439 2983 1441 2986 ⁴

192 3026 305 3070 coram
325 3006 479 3070 lechonia
504 3016 535 3070 et
555 3005 684 3091 ludaeis,
709 3008 877 3072 lechonias
900 3016 1007 3072 autem
1031 3015 1107 3072 tunc
1130 3009 1163 3071 in
1187 3029 1315 3072 carcere

193 3115 276 3189 erat,
288 3106 380 3191 juxta
393 3106 443 3171 IV
454 3108 525 3192 neq.
539 3108 640 3174 XXV.
656 3109 697 3172 27
706 3133 714 3192 3
730 3110 804 3172 Bor.
824 3110 850 3191 l,
866 3107 1026 3172 7loakim
1046 3129 1188 3172 summus
1204 3131 1314 3174 sacer-

194 3210 254 3275 dos
270 3208 383 3274 dicitur
396 3220 506 3275 contra
519 3212 539 3272 I
554 3211 635 3276 Par.
657 3211 790 3295 V1‚ta;
815 3213 890 3275 Bar.
912 3212 938 3294 l,
965 3213 1003 3274 ll
1030 3210 1213 3276 Balthassar
1232 3213 1315 3279 filius

194 3310 517 3377 Nabuchodonosoris
540 3313 620 3378 lalso
645 3316 805 3378 asseritur.
837 3315 994 3378 Praetcrea
1020 3315 1051 3378 in
1075 3336 1113 3379 eo
1136 3315 1316 3402 allegantur

195 3418 288 3500 plura
301 3416 370 3480 loca
382 3414 538 3480 librorum
551 3417 590 3483 V.
605 3417 640 3480 Τ.
657 3417 710 3502 qui
723 3416 817 3480 exilio
826 3425 898 3480 sunt
908 3417 1110 3502 recentiores,
1125 3427 1160 3481 ut
1172 3419 1245 3484 libri
1257 3421 1316 3485 Da-

196 3518 272 3600 niel,
296 3519 396 3601 lsaiae,
421 3518 592 3582 Nebemiae.
618 3521 651 3582 2⁰
673 3519 839 3604 Synagoga
862 3519 980 3586 librum
1003 3520 1130 3586 Baruch
1153 3543 1172 3585 a
1194 3544 1316 3588 canone

129 3704 132 3711 s
195 3618 317 3706 rejecit,
332 3619 419 3706 quod
433 3631 464 3684 et
476 3622 551 3686 lecit
563 3631 652 3686 vetus
664 3621 816 3686 Ecclesia.
831 3621 884 3685 Ait
896 3624 1015 3708 quippe
1028 3623 1060 3686 S.
1080 3623 1291 3709 Hieronymus
1306 3649 1315 3688 r

198 3746 213 3779 a
229 3721 360 3785 Librum
378 3721 505 3787 Baruch
524 3724 578 3809 qni
603 3721 689 3808 apud
708 3722 859 3786 Hebraeos
883 3745 942 3787 nec
964 3724 1078 3808 legitur
1099 3746 1158 3788 nec
1180 3724 1317 3789 habetur

196 3826 455 3910 praetermisimus
466 3826 525 3912 (Ι).
543 3851 557 3885 n
574 3827 620 3888 lta
633 3826 678 3888 De
692 3825 799 3889 Wotte
816 3825 862 3910 (ὅ)
876 3847 948 3889 curn
962 3826 1031 3889 aliis
1045 3826 1270 3890 Rationalistis.

231 3960 266 4019 (Ι)
276 3961 302 4010 S.
321 3958 398 4019 lren.,
417 3959 515 4009 Contra
525 3958 588 4008 toer.
605 3959 635 4020 V,
653 3959 685 4009 55
699 3958 759 4021 (vid.
772 3959 840 4009 Diae.
858 3958 897 4009 ΙΙΙ
906 3961 935 4008 tn
951 3973 1012 4023 opp.
1027 3957 1096 4007 lren.
1109 3957 1177 4020 llss);
1195 3960 1316 4025 Athenag.

199 4043 282 4107 Legat.
293 4054 345 4106 pro
355 4039 444 4089 cariat.
456 4040 496 4102 693
507 4039 657 4101 Tertullam,
670 4039 770 4091 Patrol.
784 4041 829 4090 tat.
843 4039 873 4102 ΙΙ,
888 4041 943 4103 157;
961 4039 987 4090 S.
1001 4038 1149 4103 Cyprianus,
1158 4040 1258 4093 Patrot.
1271 4043 1316 4094 tat.

197 4122 239 4182 lv,
254 4123 316 4179 7013
332 4120 448 4172 Clemens
458 4123 539 4181 Alex„
556 4121 653 4172 Patrot.
667 4135 707 4187 pr.
721 4119 783 4182 vm,
800 4122 858 4183 558,
874 4121 931 4183 559,
944 4121 1001 4185 4353
1018 4127 1066 4172 ete.
1082 4121 1135 4173 vid.
1150 4121 1247 4174 latren.
1260 4138 1319 4192 peu.

197 4219 220 4255 e.
235 4203 275 4254 lll.
295 4204 309 4259 f

232 4283 266 4346 (ἰ)
279 4283 360 4348 Praes.
370 4285 398 4333 in
408 4283 459 4334 lar.
473 4283 525 4335 cfr.
536 4283 616 4347 Pras.
632 4286 743 4349 exposit.
759 4282 847 4335 inter.

232 4365 268 4431 (5)
278 4365 382 4416 ΕΙπΙνίΙ.
393 4363 416 4432 ἓ.
428 4365 484 4416 523.
498 4368 524 4416 7⁴
537 4366 577 4417 ed.
610 4396 620 4415 J
644 4382 651 4415 t

1158 4449 1189 4513 8.
