3134 4934
252 288 316 352 566
481 300 682 354 rnrnonucrro
699 313 847 356 sracrnus
863 315 896 356 rn
912 315 937 358 s.
957 306 1180 364 soarrruaau(

198 474 200 477 ,
253 417 321 470 tum
335 417 485 509 praestare
498 408 629 492 Angelis
646 419 677 474 ct
690 412 799 498 Moysi,
815 434 873 497 per
888 436 969 500 quos
984 414 1096 480 datum
1111 429 1157 483 est
1173 431 1262 487 vetus
1275 426 1387 489 Testa-

253 521 409 576 mentum.
434 510 516 574 Nam
536 512 678 576 Christus
700 535 776 579 vore
801 525 832 579 et
857 519 987 602 proprie
1011 519 1108 584 Filius
1131 522 1189 586 Dei
1214 534 1261 588 est
1290 526 1387 613 eique

253 613 541 696 consubstantialis,
551 635 680 703 earnem
691 615 823 702 quidem
835 621 1005 705 assumpsit
1018 633 1219 710 mortemque
1233 632 1384 712 gustavit,

253 725 288 778 ut
307 714 485 780 destrueret
506 714 625 781 diaboli
656 719 850 804 imperium,
873 721 930 786 sed
952 723 1037 787 Deus
1060 730 1215 792 remansit
1231 730 1264 793 in
1288 753 1387 796 carne

253 827 439 903 assumpta3
463 818 578 903 Angeli
608 830 759 885 econtra
784 832 882 909 atque
905 825 1026 910 Moyses
1053 828 1191 891 ministri
1218 830 1386 896 dumtaxat

253 922 382 985 luerunt
406 931 502 1007 atque
523 923 619 1005 servi,
636 924 693 988 Dei
705 923 796 1010 jussa
811 937 1015 1013 exequantes.
1034 930 1203 998 Concludit
1214 934 1386 1020 Apostolus

252 1021 386 1086 firmiter
401 1022 573 1087 tenendam
590 1026 699 1089 salutis
711 1025 890 1093 doctrinam
908 1051 928 1093 a
945 1030 1069 1095 Christo
1092 1042 1124 1097 et
1144 1034 1304 1120 Apostolis
1321 1060 1385 1103 an-

136 1177 140 1183 .
252 1126 430 1188 nuntiatam
444 1125 671 1212 miraculisque
686 1128 907 1201 confirmatam
920 1132 1028 1217 (I-lV,
1042 1133 1110 1219 14).
1126 1135 1251 1201 Transit
1267 1137 1385 1203 deiude

253 1225 296 1290 ad
326 1225 553 1312 explicandum
577 1226 691 1292 Christi
714 1230 953 1315 sacerdotium,
978 1233 1066 1318 quod
1093 1237 1231 1301 multum
1255 1252 1387 1326 superat

168 1390 170 1394 .
252 1327 468 1394 sacerdotium
481 1331 595 1394 veteris
608 1331 710 1415 Legis.
727 1331 847 1397 Probat
858 1334 877 1397 J
879 1355 980 1418 esum,
989 1335 1047 1398 Dei
1061 1336 1189 1422 Filium,
1197 1361 1251 1404 eas
1263 1340 1386 1429 hahere

253 1431 342 1497 dotes
359 1453 430 1518 quae
444 1434 475 1496 in
497 1431 662 1499 sacerdote
682 1437 900 1521 requiruntur,
918 1439 1095 1503 humanam
1112 1443 1166 1527 qui
1214 1465 1232 1507 e
1252 1465 1385 1508 carnem

253 1543 284 1598 et
304 1535 472 1597 hominum
491 1532 699 1618 infirmitates,
720 1547 852 1622 excepto
868 1549 1013 1625 peccato,
1036 1541 1069 1605 in
1089 1563 1123 1606 sc
1143 1451 1291 1630 Mspcepit,
1309 1555 1341 1609 et
1364 1558 1384 1609 a

205 1704 212 1731 θ
252 1638 320 1700 Deo
337 1637 524 1700 constitutus
540 1636 599 1700 luit
615 1637 764 1703 sacerdos
780 1639 957 1705 seeundum
973 1642 1118 1709 ordinem
1133 1644 1381 1712 Melchisedech.

209 1694 310 1829 iltHis
333 1741 491 1804 interserit
515 1741 668 1805 nonnulla
688 1743 902 1807 exhortatoria
918 1726 989 1830 (IV,
1010 1746 1126 1830 tit-Vl,
1142 1746 1211 1833 19).
1229 1750 1336 1834 Pergit
1351 1759 1384 1813 et

253 1842 347 1906 docet
359 1843 530 1927 Christum,
547 1853 657 1929 utpote
669 1843 846 1909 seeundum
863 1846 1009 1911 ordinem
1022 1849 1257 1917 Melchisedech
1274 1873 1383 1917 sacer-

253 1944 374 2027 dotem,
393 1945 601 2010 excelsiorem
614 1968 681 2011 esso
699 1946 865 2012 Abraham
877 1958 909 2012 et
924 1950 999 2014 Levi
1017 1960 1047 2014 et
1067 1953 1216 2018 omnihus
1231 1953 1383 2019 sacerdo·

252 2047 337 2111 tibus
351 2048 495 2132 leviticis,
510 2049 631 2113 hahere
644 2049 858 2115 sacerdotium
870 2054 1100 2139 sempiternum
1113 2077 1177 2141 quo
1192 2056 1384 2143 abrogatum

253 2160 300 2214 est
315 2149 529 2215 sacerdotium
549 2152 724 2236 leviticum,
745 2175 809 2239 quo
831 2155 926 2217 etiam
943 2177 1054 2220 omnes
1074 2157 1191 2221 salvari
1211 2159 1244 2222 in
1263 2179 1379 2243 perpe-

251 2261 343 2317 tuum
367 2262 499 2338 possunt
521 2253 597 2339 (Vl,
627 2253 759 2338 aevu,
789 2256 856 2340 26).
889 2256 997 2341 Pergit
1024 2257 1196 2343 Apostolus
1216 2257 1384 2322 ostendere

253 2366 409 2441 quantum
445 2358 585 2421 emineat
612 2378 708 2442 supra
737 2357 950 2423 sacerdotium
977 2360 1138 2425 leviticum
1166 2360 1384 2427 sacerdotium

252 2461 391 2544 Christi3
418 2460 512 2526 docet
537 2461 696 2525 Christum
724 2483 789 2526 uuo
811 2464 913 2526 erucis
936 2463 1091 2529 sacrificio
1116 2465 1216 2528 semel
1237 2466 1384 2528 onmium

253 2572 384 2648 peccata
404 2564 558 2648 expiasse,
577 2563 664 2648 quod
689 2574 797 2648 vetera
816 2564 949 2629 sacrific'
994 2568 1090 2630 ctiam
1113 2568 1227 2652 saepius
1249 2567 1384 2652 repetita

253 2667 360 2730 lacere
374 2688 438 2729 non
455 2675 602 2751 poterant
613 2666 698 2751 (Vll,
714 2666 809 2750 tex,
828 2587 1039 2753 ta).'Tiilistr
1050 2669 1093 2733 ad
1106 2671 1381 2762 exhortationem,

253 2766 399 2833 ho'rtatur
421 2791 462 2833 ne
481 2771 576 2834 talem
593 2791 632 2835 ac
650 2779 772 2834 tantum
789 2771 977 2836 Pontificem
1001 2794 1058 2859 per
1081 2771 1300 2837 infidelitatem
1319 2773 1384 2836 ah-

248 2873 375 2959 jiciant,
387 2895 426 2937 ne
441 2872 583 2938 divinam
596 2872 767 2938 adversum
777 2895 813 2944 ,se
826 2885 1001 2960 provocent
1012 2877 1177 2940 ultionem.
1189 2877 1263 2940 Mox
1274 2885 1384 2940 tamen

253 2980 286 3041 iu
310 2999 400 3063 spem
428 2999 466 3042 ac
490 2976 642 3041 fiduciam
665 2978 777 3062 erigit,
802 2987 834 3041 et
858 2978 1065 3042 commendat
1086 2980 1261 3064 prasertim
1284 2978 1384 3043 fidem

253 3082 422 3165 propositis
435 3080 588 3164 exemplis
605 3089 787 3143 sanctorum
803 3080 946 3163 Patrum,
967 3082 1022 3167 qui
1036 3103 1093 3166 per
1110 3080 1207 3145 fidem
1225 3082 1292 3145 Deo
1308 3082 1385 3166 pla-

253 3191 372 3264 centes,
398 3202 516 3266 magna
542 3191 573 3245 et
596 3183 677 3246 mira
696 3182 746 3245 rel
767 3192 900 3266 egerunt
917 3184 968 3247 rel
985 3184 1069 3268 passi
1085 3193 1158 3247 sunt
1173 3184 1227 3269 (X,
1246 3181 1382 3268 text).

253 3285 537 3370 PergitApostolus
551 3286 670 3349 hortari
682 3285 835 3357 Hchraeos
847 3284 889 3349 ad
904 3285 1087 3369 tolerandas
1101 3287 1232 3359 viriliter
1243 3285 1386 3350 afflietio·
1550 3364 1551 3375 ἵ

254 3409 310 3451 nes
331 3389 478 3472 exemplo
497 3388 623 3469 Christi,
641 3388 736 3451 simul
753 3385 924 3452 ostenderis
940 3389 1108 3453 utilitatem
1126 3390 1330 3473 flagellorum
1353 3397 1385 3452 et
1550 3388 1551 3447 Ξ

253 3488 428 3574 disciplinae
449 3499 589 3573 paterna
603 3489 703 3574 (ΧΗ).
720 3490 865 3576 Denique
879 3489 921 3553 ad
936 3491 1040 3554 varias
1063 3492 1194 3556 virtutes
1212 3513 1220 3553 ε
1240 3491 1386 3554 eharita—
1504 3478 1506 3481 ⁸

253 3603 331 3674 tem,
357 3593 617 3677 hospitalitatem,
642 3591 870 3676 obedientiam,
896 3593 1013 3657 excitat
1037 3602 1068 3657 et
1091 3583 1384 3657 salutationes'ad-

253 3694 300 3758 dit
312 3695 428 3780 tXIIl).

298 3800 329 3863 4.
345 3799 427 3862 Hine
446 3798 631 3883 intelligitur
645 3818 739 3862 eausa
753 3819 811 3861 cur
826 3798 996 3883 Apostolus
1008 3797 1051 3862 ad
1071 3797 1224 3861 Hchraeos
1244 3798 1384 3882 scripse-

252 3906 305 3969 rit.
326 3905 428 3969 ludaei
451 3906 689 3969 Palestinenses
712 3905 840 3968 enutriti
864 3905 993 3969 fuerant
1010 3906 1042 3968 in
1064 3905 1135 3989 lege
1155 3904 1265 3989 Moysi,
1292 3902 1385 3989 eujus

254 3988 459 4073 ceremonias
477 4009 590 4094 procul
609 4007 708 4072 dubio
731 4008 965 4092 religiosissime
987 4005 1224 4090 obserr·abant;
1243 4008 1390 4092 amplexi·

170 4168 175 4172 .
254 4131 351 4194 porro
374 4119 466 4173 erant
486 4108 584 4172 fidem
598 4110 724 4192 Christi,
742 4110 853 4173 lesum
874 4117 910 4172 ut
928 4110 1122 4193 promissum
1144 4108 1176 4171 in
1201 4109 1285 4193 Lege
1308 4107 1384 4172 Sal-

254 4222 397 4276 vatorem
413 4210 589 4277 habebant.
608 4210 670 4276 Sed
695 4212 890 4276 ceremoniis
909 4211 1054 4275 Mosaieis
1078 4212 1119 4274 ita
1140 4208 1260 4274 addicti
1277 4221 1382 4294 erant,

253 4323 290 4379 ut
306 4314 568 4399 quamvisJesum
586 4336 646 4400 pro
659 4315 771 4379 Messia
787 4314 991 4399 recepissent,
1001 4336 1025 4378 a
1039 4314 1122 4399 Lege
1138 4321 1247 4377 heren
1263 4311 1383 4379 abduci
