3166 4958
275 307 350 350 PARS
364 307 399 349 11.
417 298 510 348 estur
523 304 571 348 111.
585 304 623 348 DE
636 302 759 346 ORIGIIOE
771 301 806 342 El*
818 301 977 344 nucrontr.
991 301 1034 345 IV·
1050 300 1178 345 EVANGG.
1226 278 1285 343 251

161 406 237 471 libri
258 405 299 470 de
326 406 578 490 Interpretatt'orte
607 402 796 468 oraculorum
824 388 1064 474 Dominicorum,
1084 399 1171 487 quod
1198 399 1290 464 nobis

159 511 301 575 servarit
316 508 470 575 Eusebius
485 507 532 594 (i)
548 505 665 572 diserte
680 505 790 570 asserit
816 505 1024 590 apostolicam
1044 504 1292 589 Evangeliorum

164 615 335 698 originem.
348 612 464 696 Papias
480 611 588 695 igitur,
601 617 771 695 postquam
788 605 867 670 dixit
877 628 911 670 se
926 631 941 665 ι(
957 626 1123 692 nunquam
1138 613 1292 670 sectatum

163 737 233 780 esse
252 736 307 780 eos
327 715 382 800 qui
402 713 508 778 verbis
524 710 706 794 affluerunt,
724 708 780 774 sed
796 731 850 774 eos
866 711 971 794 potius
989 711 1043 795 qui
1061 730 1174 773 verum
1191 707 1295 774 doce-

164 826 237 881 rent
257 843 272 878 »
290 814 379 880 addit
399 837 407 878 ε
431 838 445 874 u
465 812 559 895 Quod
584 813 609 877 si
635 813 706 898 quis
729 809 892 876 interdum
915 811 994 874 mihi
1012 811 1212 893 occurrebat,
1240 811 1294 897 qui

166 936 241 984 cum
254 916 431 982 senioribus
441 924 584 980 versatus
594 914 807 997 luisset,exeo
818 913 940 978 curiose
951 913 1134 977 sciscitabar
1147 932 1295 998 quaenam

168 1029 271 1084 essent
286 1019 448 1093 seniorum
463 1016 561 1081 dicta.
578 1014 663 1097 Quid
675 1012 832 1096 Andreas,
850 1013 927 1100 quid
944 1015 1067 1096 Petrus,
1083 1012 1159 1100 quid
1172 1014 1295 1098 Philip-

167 1128 240 1207 pus,
256 1121 335 1208 quid
347 1122 496 1203 Thomas,
511 1117 589 1206 quid
604 1119 755 1202 lacobus,
771 1117 848 1206 quid
860 1120 1011 1202 loannes,
1027 1119 1104 1205 quid
1115 1119 1293 1199 Matthaeus,

168 1223 247 1309 quid
270 1224 368 1288 ceteri
390 1221 538 1308 discipuli
562 1221 715 1286 Domini?
738 1220 894 1308 quidnam
918 1222 1056 1287 Aristion
1079 1220 1298 1309 etpresbyter

167 1325 308 1388 Joannes
323 1322 470 1409 discipuli
486 1324 613 1388 Domini
626 1322 848 1408 predicarent.
864 1324 974 1409 Neque
987 1326 1072 1388 enim
1085 1345 1124 1387 ex
1140 1323 1296 1388 librorum

170 1427 307 1492 lectione
323 1436 444 1491 tantam
456 1447 509 1491 me
525 1427 693 1491 utilitatem
709 1444 823 1513 capere
837 1448 929 1513 posse
944 1426 1177 1511 existimabam,
1194 1448 1298 1512 quan-

171 1540 240 1594 tam
259 1552 298 1593 ex
318 1531 485 1594 homiuum
501 1528 608 1593 adhuc
625 1532 834 1614 superstitum
844 1530 917 1595 riva
935 1533 1028 1609 [uoce.
1053 1556 1068 1591 a
1085 1528 1213 1594 'Deinde
1231 1530 1299 1592 haec

171 1630 214 1695 ue
240 1633 385 1697 mattheo
404 1641 436 1696 e
458 1633 565 1697 uerso
588 1629 685 1696 saun
705 1654 713 1694 2
735 1656 750 1691 «
766 1616 1062 1717 Αῑεωψωωωτ
1076 1632 1131 1695 ine
1148 1632 1300 1716 (ioannes

173 1735 216 1802 de
232 1758 297 1823 quo
313 1738 426 1823 supra)
438 1739 595 1820 Marcum,
614 1736 698 1801 Petri
717 1738 936 1821 interpretem,
955 1756 1164 1822 quaecumque
1176 1756 1301 1799 memo-

174 1840 231 1902 riae
253 1840 474 1922 mandaverat,
500 1838 668 1926 diligenter
691 1840 909 1925 perscripsisse
936 1861 944 1902 t
969 1860 1034 1902 non
1056 1847 1164 1902 tamen
1189 1836 1302 1903 ordine

173 1944 370 2028 perterruisse
391 1963 462 2029 quoe
483 1944 654 2007 aDomino
673 1951 727 2006 aut
745 1941 831 2005 dicta
852 1950 907 2005 aut
922 1951 1009 2026 gesta
1034 1940 1172 2005 fuerant.
1191 1941 1301 2027 Neque

173 2041 263 2110 enim
287 2047 357 2131 ipse
390 2045 562 2110 Dominum
593 2043 759 2110 audiverat
781 2053 836 2108 aut
858 2048 993 2108 sectatus
1016 2044 1121 2108 iuerat
1144 2036 1300 2129 unquam.

175 2146 242 2212 Sed
255 2168 328 2212 cum
341 2148 448 2232 Petro,
461 2158 497 2212 ut
507 2146 585 2230 dixi,
599 2157 708 2233 postea
725 2156 866 2211 versatus
883 2157 940 2229 est;
961 2147 1015 2233 qui
1032 2168 1091 2231 pro
1106 2145 1304 2210 audientium
1398 2140 1402 2145 ’

176 2251 325 2333 utilitate,
342 2271 409 2315 non
424 2270 500 2315 vero
516 2260 552 2314 ut
572 2266 755 2314 sermonum
775 2250 902 2314 Domini
920 2251 1087 2315 historiam
1108 2258 1302 2330 contexeret,

179 2352 388 2436 Evangelium
407 2350 613 2436 praedicabat.
637 2351 795 2434 Quocirca
816 2353 895 2416 nihil
919 2352 1064 2436 peccarit
1087 2352 1225 2434 Marcus,
1251 2351 1306 2436 qui

178 2455 336 2518 nonnulla
352 2455 395 2518 ita
411 2456 545 2540 scripsit,
569 2464 664 2540 prout
678 2456 744 2540 ipse
762 2455 918 2519 memoria
933 2454 1109 2539 repetebat.
1132 2453 1169 2517 Id
1187 2454 1306 2540 quippe

181 2578 283 2621 unum
295 2556 453 2630 studebat,
471 2567 506 2621 ut
518 2579 559 2621 ne
571 2556 649 2643 quid
662 2576 774 2622 comm
792 2578 863 2644 quse
880 2555 1025 2622 audierat
1040 2559 1305 2642 pretermitteret,

178 2668 238 2722 aut
250 2679 290 2722 ne
303 2657 381 2744 quid
393 2659 465 2724 falsi
477 2660 522 2723 eis
534 2658 711 2744 affingeret.
725 2687 739 2720 »
756 2661 802 2723 De
814 2661 962 2724 Matthaeo
978 2670 1085 2724 autem
1101 2662 1145 2724 ait
1162 2681 1169 2722 :
1190 2684 1205 2718 «
1224 2662 1309 2724 Mat-

181 2762 284 2824 tlraeus
308 2760 583 2847 quidemhebraeo
599 2785 746 2827 sermone
764 2762 872 2828 divina
893 2765 1017 2848 scripsit
1037 2767 1178 2829 oracula.
1203 2767 1310 2828 lnter-

183 2870 325 2948 pretatur
346 2873 396 2928 est
418 2873 526 2928 autem
543 2865 599 2929 illa
617 2866 835 2952 unusquisque
853 2875 948 2950 prout
963 2868 1076 2952 potuit.
1094 2893 1109 2935 a

229 2966 284 3031 ii.
310 2967 505 3033 Praeclurum
528 2966 611 3032 istud
639 2968 746 3055 Papiae
772 2968 989 3033 testimonium
1011 2969 1106 3033 variis
1130 2967 1233 3032 modis
1257 2969 1311 3031 in-

187 3069 327 3154 fringere
351 3079 519 3154 conantur,
545 3069 628 3135 duce
650 3070 957 3153 Schleiermachero,
981 3071 1109 3157 plurimi
1130 3071 1311 3135 Rationali-

187 3182 320 3238 starum.
342 3174 456 3238 Dicunt
477 3174 509 3238 1⁰
527 3198 535 3238 ε
556 3174 702 3259 Papiam,
714 3173 807 3260 juxta
824 3166 1072 3264 Eusebium'ffi),
1093 3176 1195 3239 virum
1215 3176 1312 3239 fuisse

188 3277 344 3341 mediocris
367 3280 491 3360 inperii.
514 3276 604 3364 eujus
625 3276 744 3365 idcirco
765 3278 967 3342 tesimonium
987 3278 1104 3346 nullius
1120 3288 1166 3343 est
1181 3280 1310 3343 valoris.

188 3377 264 3463 Sed,
288 3379 410 3443 etiamsi
437 3381 552 3464 Papias
574 3378 848 3447 exiliadmodum
872 3381 998 3466 ingenio
1021 3371 1132 3446 fuisset
1148 3380 1311 3466 preditus,

188 3481 303 3546 exinde
319 3504 390 3546 'non
413 3493 600 3568 sequeretur
621 3483 713 3546 illum
740 3504 804 3548 non
834 3487 971 3569 potuisse
997 3486 1314 3571 assequi'veritatem

188 3587 275 3650 circa
297 3585 454 3670 originem
477 3586 735 3671 Evangeliorum.
756 3588 879 3651 Etenim
903 3610 967 3652 non
988 3589 1162 3674 requiritur
1185 3598 1315 3652 acutum

189 3687 272 3753 adeo
295 3688 459 3773 ingenium
483 3697 517 3751 ut
537 3690 607 3775 quis
631 3689 747 3755 certior
764 3687 819 3754 fiat
842 3689 882 3754 de
907 3690 998 3754 laetis
1024 3691 1190 3755 historicis.
1213 3687 1316 3774 quue

191 3918 286 3980 mlxv,
297 3919 330 3981 t;
343 3919 491 3970 omousius
505 3918 609 3980 Sinaita,
622 3919 716 3984 aliique
727 3917 777 3982 (ap.
792 3918 884 3983 usgue,
901 3918 1000 3970 Putrot.
1018 3933 1059 3984 pr.
1072 3916 1103 3978 V,
1117 3916 1201 3982 1252.)
1214 3918 1316 3981 Papiam

190 4001 293 4053 ioannis
309 4000 422 4063 Apostoli
433 3998 578 4052 auditorem
596 4008 623 4052 et
641 4002 770 4065 Polycarpi
782 4001 985 4052 contubernalem
1004 4000 1108 4062 iaciunt;
1123 3998 1248 4050 Eusebius
1259 4012 1318 4050 vero

192 4097 254 4137 eun
278 4081 340 4134 dicit
362 4084 515 4135 auditorem>
530 4084 640 4136 virorum
662 4084 877 4148 apostolicorum,
897 4084 1005 4136 maxime
1025 4083 1159 4134 tristioris
1176 4089 1203 4134 et
1219 4082 1319 4134 loannis

193 4165 346 4234 presbyteri.

211 4250 269 4321 ν(1)
278 4248 349 4297 uisi.
361 4247 430 4301 licet.
446 4244 491 4311 ill,
507 4246 547 4298 59.

229 4324 267 4393 (2)
280 4322 343 4376 lbid.
