3166 4958
276 363 352 406 rans
368 363 402 404 11.
419 360 513 402 error
523 360 570 402 ur.
585 359 622 400 ua
635 356 758 400 orionus
771 357 806 399 rr
821 357 978 402 sucroarr.
992 361 1034 403 rv.
1052 360 1180 402 urraca.
1228 345 1290 407 255

163 465 292 545 cultas3
318 481 394 525 nam
417 461 484 544 ipse
508 459 730 522 controversiae
753 457 838 520 viam
861 456 1026 542 praecludit
1053 482 1061 522 ε
1086 460 1228 545 Apostoli
1257 467 1289 525 io

77 601 79 605 ¹
161 569 230 631 attis
245 564 467 630 continenter-its
484 583 550 647 quse
566 571 709 625 uocantur
726 558 903 644 Europetia.

210 670 263 733 18.
291 666 471 731 Distinctius
505 671 650 728 auctores
683 663 930 746 Evangeliorum
963 661 1107 749 designat
1134 667 1166 729 in
1201 668 1285 730 urat.

160 794 233 834 coro
251 769 358 854 Triph,
377 791 410 832 n.
430 769 482 850 88,
502 765 570 847 ubi,
593 774 762 851 postquam
781 765 889 829 retulit
905 766 1013 831 Jesum
1033 788 1052 830 a
1073 769 1171 853 Magis
1192 769 1287 833 tuisse

161 872 347 953 adoratum,
366 867 453 956 quod
468 869 553 933 solus
568 868 732 932 Mattheus
744 875 863 947 namet,
884 876 914 930 et
929 864 1051 931 addidit
1068 869 1177 932 Jcsum
1194 892 1287 935 com-

162 978 256 1040 muni
279 974 447 1038 bominum
471 993 559 1035 more
592 971 726 1036 crevisse
750 978 783 1034 et
799 970 945 1054 ignotum
968 970 1134 1057 usquead
1166 995 1286 1036 annum

160 1077 363 1164 trigesimum
376 1075 502 1155 vixisse,
517 1069 603 1159 quod
619 1072 703 1136 solus
721 1072 821 1135 Lucas
836 1071 946 1154 refert,
966 1074 1077 1138 recitat
1093 1073 1287 1160 baptismum

160 1181 241 1244 Josu
262 1179 542 1262 narrationemque
573 1196 664 1239 suam
688 1174 849 1258 componit
872 1195 911 1237 ex
942 1174 978 1238 iis
1008 1197 1121 1261 quaea
1152 1189 1289 1264 quatuor

161 1281 371 1366 Evangelistis
383 1286 555 1342 narrantur
566 1286 662 1363 atquc
675 1274 801 1360 subjicit
815 1299 823 1339 a
842 1278 946 1340 «Jesu
960 1299 1001 1341 ex
1016 1300 1100 1365 aqua
1117 1280 1286 1364 prodeunti

160 1384 316 1469 Spiritum
328 1390 472 1446 sanctum
485 1378 527 1444 ad
539 1380 637 1443 instar
648 1379 805 1443 columbae
817 1379 986 1464 involasse,
999 1386 1184 1466 scripserant
1194 1383 1286 1468 hujus

161 1491 261 1572 ipsios
280 1485 396 1552 Christi
417 1486 515 1549 nostri
533 1481 684 1569 Apostoli.
707 1508 721 1542 o
747 1484 785 1546 Et
807 1505 839 1546 n.
857 1482 931 1566 105,
955 1494 1123 1571 postquam
1145 1486 1223 1551 dixit
1245 1486 1285 1552 de

161 1589 251 1656 caedc
265 1589 434 1654 infantium
446 1596 478 1652 et
493 1587 568 1672 fuga
587 1586 620 1649 in
632 1587 815 1671 AEgyptum
835 1585 875 1651 de
892 1586 1051 1671 baptismo
1069 1598 1100 1652 et
1114 1592 1286 1655 tentatione
1360 1630 1363 1637 ι

161 1692 277 1757 Christi
299 1690 358 1776 (1),
381 1689 512 1774 pergit:
535 1711 549 1746 «
571 1690 603 1750 ia
631 1685 862 1752 Commentariis
889 1710 962 1773 quoa
986 1688 1022 1752 ab
1046 1692 1111 1774 ejus
1133 1692 1287 1776 Apostotis

160 1815 325 1879 eorumque
341 1791 497 1877 discipulis
522 1793 649 1874 scriptos
675 1789 751 1862 dico,
768 1788 931 1873 proditum
951 1800 997 1855 est
1018 1790 1167 1856 sudorem
1190 1795 1287 1858 vetuti

162 1906 267 1982 guttas
287 1895 448 1980 sanguinis
468 1915 506 1958 ex
530 1914 568 1957 eo
588 1891 757 1956 defluxisse
780 1912 854 1956 cum
877 1902 1060 1977 precaretur
1080 1916 1117 1959 ac
1137 1894 1257 1961 diceret
1277 1921 1285 1960 ι

162 1999 203 2061 Si
211 1998 282 2081 fieri
301 2007 395 2081 potest
412 2006 545 2060 transeat
564 2016 584 2056 o
601 2015 648 2056 me
666 1992 745 2056 colia
760 1995 815 2056 iste
826 1991 888 2078 (2).
906 2020 921 2053 o
940 1994 1001 2058 Ubi
1019 1997 1223 2061 manifestum
1242 2007 1288 2062 est

162 2098 324 2184 designari
338 2096 452 2163 eadem
465 2098 533 2182 ipsa
545 2097 717 2181 Evangelia
734 2117 806 2181 quoe
820 2096 976 2161 babemus
988 2120 1163 2185 eorumque
1176 2112 1280 2166 aucto·
1328 2148 1330 2153 -

162 2222 214 2264 res
234 2201 406 2286 Apostolos,
425 2200 582 2265 Joannem
600 2199 719 2263 scilicet
734 2207 766 2261 et
783 2200 976 2282 Mattbaeum,
996 2200 1286 2290 Apostolorumquc

161 2303 337 2389 discipulos,
356 2305 499 2368 Marcum
523 2323 639 2386 nempe
662 2310 693 2365 et
716 2302 847 2365 Lucam.
862 2302 901 2366 Et
915 2325 947 2366 n.
968 2304 1030 2368 106
1047 2326 1181 2370 narrans
1195 2307 1287 2373 Chri-

162 2419 246 2473 stum
258 2406 383 2473 dedisse
395 2408 510 2473 Joanni
522 2416 554 2470 et
566 2405 686 2471 Jacobo
700 2427 817 2470 nomen
829 2406 1022 2493 Boanerges,
1037 2431 1135 2496 quam
1148 2412 1286 2475 circum·

162 2512 312 2576 stantiam
334 2511 419 2574 solus
438 2510 563 2573 Marcus
586 2509 658 2594 (ΙΙΙ,
683 2507 737 2593 17)
765 2507 883 2592 prodit,
915 2518 945 2573 et
970 2513 1140 2576 mutavisse
1170 2534 1287 2577 nomen

162 2613 300 2678 Simonis
320 2615 353 2677 iu
370 2615 512 2695 Petrum,
532 2612 576 2676 ait
595 2633 603 2675 ε
621 2612 653 2676 id
667 2621 785 2697 quoque
799 2614 831 2674 ia
847 2614 911 2695 ejus
933 2612 1046 2699 (Petri)
1065 2620 1286 2680 commeritoriis

162 2717 304 2801 retertur.
340 2715 463 2796 Quibus
497 2713 603 2779 verbis
637 2712 782 2799 designat
815 2715 1022 2799 Evangetium
1062 2718 1157 2781 Marci
1193 2717 1286 2804 juxta

163 2817 423 2904 predicationem
448 2818 546 2900 Petri,
571 2827 605 2880 ut
627 2816 757 2880 tradunt
782 2818 915 2902 antiqui,
941 2819 1093 2903 scriptum
1116 2819 1305 2886 etidcirco

162 2920 338 2987 identidem
356 2921 416 2985 sub
431 2919 500 3007 ejus
515 2919 643 2984 nomine
660 2917 872 3004 designatum.

159 3073 164 3083 .
208 3027 261 3090 19.
276 3027 322 3089 Ex
337 3025 386 3088 his
394 3022 465 3110 jam
476 3022 667 3087 sufficienter
679 3021 932 3087 demonstratum
945 3033 992 3086 est
1001 3023 1159 3088 tustinum
1176 3037 1284 3092 nostra

161 3128 335 3213 Evangelia
351 3130 527 3212 corumque
543 3134 688 3191 auctores
703 3123 915 3209 designavissa
935 3124 1035 3211 iisque
1052 3135 1206 3213 tanquam
1224 3150 1283 3194 ve-

160 3229 292 3293 rissimis
307 3250 400 3293 usum
417 3248 497 3294 esse.
515 3229 578 3292 Res
591 3229 693 3312 magis
703 3225 810 3290 adhuc
823 3227 944 3312 patebit
957 3229 982 3292 si
993 3230 1149 3293 rationem
1162 3234 1284 3296 exami-

161 3333 344 3396 naverimus
362 3353 425 3418 qua
441 3331 474 3395 S.
489 3332 605 3395 Doctor
621 3332 733 3394 recitat
747 3330 859 3395 Christi
877 3341 945 3395 tum
961 3342 1047 3417 gesta
1061 3342 1128 3397 tum
1141 3334 1236 3400 dicta.

205 3436 258 3499 20.
289 3434 340 3498 Ad
366 3444 453 3520 gesta
482 3432 569 3520 quod
591 3436 712 3516 attinet,
736 3433 769 3497 S.
795 3434 934 3498 Justinus
957 3439 1117 3522 precipua
1147 3438 1283 3503 historiae

160 3537 352 3623 evangelicae
370 3538 471 3622 capita
492 3537 613 3601 recitat.
633 3538 671 3600 In
690 3557 746 3600 sua
767 3546 874 3601 autem
896 3540 1076 3603 narratione
1096 3562 1181 3605 nunc
1199 3543 1283 3606 Mat-

159 3645 279 3707 thaeum
296 3642 450 3728 sequitur,
474 3663 559 3706 nune
580 3642 735 3725 Marcum,
757 3663 843 3705 nunc
859 3643 990 3727 Lucam,
1007 3665 1092 3708 nunc
1111 3645 1280 3728 Joannem,

158 3766 247 3813 nunc
270 3745 365 3808 simul
388 3745 531 3830 congerit
547 3766 586 3809 ea
610 3765 715 3830 quaea
739 3742 871 3809 divorsis
886 3748 1069 3810 recitantur.
1090 3746 1128 3809 Et
1151 3746 1280 3833 quidem

159 3846 357 3936 quandoque
376 3847 568 3912 verbotenus
587 3846 780 3934 quandoque
803 3849 932 3913 liberius
950 3858 1070 3912 textum
1089 3849 1283 3933 Evangelio-

157 3972 233 4017 rum
248 3950 409 4015 exscribit.
426 3951 623 4037 Frequenter
642 3952 758 4036 allegat
774 3973 828 4015 eas
839 3961 956 4036 partes,
975 3973 1054 4038 quas
1067 3952 1282 4016 Rationalistae

156 4051 330 4138 repudiare
361 4062 490 4135 amant,
524 4054 634 4140 quales
659 4065 731 4118 sunt
753 4078 761 4118 τ
785 4055 981 4119 annuntiatio
1004 4055 1111 4117 Mariae
1133 4054 1216 4119 facta
1240 4056 1285 4119 ab

190 4310 229 4372 (t)
241 4307 334 4358 notro.
348 4307 421 4360 u-tv.

190 4388 228 4453 (a)
240 4389 301 4440 too.
312 4389 384 4453 rari,
399 4391 439 4453 m
453 4390 543 4442 uarro.
554 4389 638 4453 uxvt,
649 4390 690 4443 so.
