3142 4964
261 311 281 373 u
715 325 936 370 rumnornron.

261 423 307 490 est
320 425 363 490 ab
379 446 417 490 eo
431 433 561 489 auctore
574 424 625 487 oui
637 423 799 506 tribuitur,
815 424 866 487 vel
881 445 918 488 eo
932 425 1057 489 circiter
1068 434 1212 511 ternpore
1225 448 1288 512 quo
1306 427 1387 491 sori-

260 537 332 614 ptus
348 549 415 592 esse
434 526 632 612 perhibetur.
653 526 714 607 Qui
732 534 840 590 autem
853 527 976 591 auctori
993 526 1121 592 cuidam
1135 529 1215 592 lalso
1229 527 1388 593 adscribi-

181 698 183 704 ,
260 641 325 713 tur,
344 632 480 716 spurius,
507 631 718 714 supposititios
742 636 797 692 aut
821 629 918 692 etiam
946 630 1148 717 apocryphus,
1170 630 1270 695 audit.
1293 632 1388 696 biber

187 772 189 776 ,
259 735 375 820 aliquis
385 733 542 817 genuinus
555 745 622 795 esse
631 739 734 815 potest
746 731 825 817 quin
839 740 945 795 tamen
958 753 1075 795 nomen
1088 733 1226 797 auctoris
1238 732 1271 797 in
1283 735 1387 800 fronte

260 845 363 920 gerat,
381 833 477 899 modo
495 835 629 919 scriptus
644 834 682 898 sit
700 855 738 898 ea
754 832 880 898 circiter
895 842 985 897 atate
1002 854 1066 920 qua
1082 835 1216 920 scriptus
1233 858 1300 900 esse
1319 838 1388 900 ler-
1491 862 1494 865 ·

258 948 324 1003 tur.
344 939 413 1002 Hac
433 938 556 1001 ratione
572 935 646 1000 libri
663 938 820 1023 anonymi,
838 936 917 999 nulli
935 938 1057 1001 auctori
1076 935 1242 1022 adscripti,
1259 941 1388 1024 genuini
1461 988 1465 991 »

259 1063 326 1105 esse
341 1048 484 1126 possunt.
502 1038 553 1104 Ad
572 1040 635 1104 boc
655 1038 811 1102 librorum
832 1058 932 1123 genus
951 1037 1121 1103 referenda
1142 1050 1214 1103 sunt
1234 1043 1396 1106 nonnulla*

258 1145 298 1210 V.
323 1146 359 1208 t.
385 1144 513 1228 scripta,
538 1151 573 1205 ut
596 1140 669 1206 libri
693 1139 856 1224 Judicum,
888 1144 1013 1226 Regum
1046 1153 1077 1206 et
1105 1144 1395 1228 Paralipomenon,

259 1270 397 1335 quorum
420 1257 566 1311 auctores
589 1247 701 1310 incerti
720 1253 804 1309 sunt.
823 1246 948 1309 Etenim
971 1247 1045 1310 istos
1069 1245 1167 1310 libros
1190 1248 1388 1312 autbenticos

259 1373 327 1415 esse
347 1349 510 1436 fidemque
532 1350 652 1413 mereri
669 1348 856 1413 firmissimis
877 1351 1071 1433 argumentis
1094 1351 1126 1412 in
1148 1348 1285 1414 decursu
1308 1373 1387 1436 pro-

261 1453 420 1517 babimus.
510 1493 513 1499 ·

303 1558 335 1620 l.
354 1556 448 1620 liber
460 1558 575 1641 integer
594 1564 651 1638 est,
665 1555 721 1640 qui
738 1575 797 1618 neo
818 1553 942 1618 inutiles
957 1565 1015 1638 est,
1033 1576 1089 1618 seu
1110 1557 1161 1619 eui
1181 1556 1260 1619 nibil
1279 1553 1387 1619 detra·
1447 1580 1457 1619 ,κ

261 1669 347 1724 otum
362 1669 420 1742 est,
438 1680 497 1722 neo
513 1656 795 1743 interpolatricem
813 1658 863 1720 cui
877 1658 956 1720 nibil
969 1656 1131 1743 adjectum
1147 1666 1205 1723 est.
1223 1659 1385 1741 Attamen,
1501 1674 1513 1687 ·

260 1783 299 1826 er
317 1760 455 1848 eoquod
471 1760 554 1824 liber
570 1761 678 1846 aliqua
695 1761 742 1824 sui
758 1769 849 1845 parte
863 1762 993 1824 mutilus
1009 1762 1058 1844 sit,
1074 1782 1138 1825 non
1154 1763 1296 1847 sequitur
1309 1784 1388 1847 par-

259 1875 325 1928 tem
342 1864 416 1928 libri
432 1865 632 1949 superstitem
653 1864 741 1928 omni
757 1864 944 1927 auctoritate
963 1861 1102 1946 destitui,
1120 1863 1218 1929 modo
1236 1864 1294 1928 ista
1314 1886 1387 1949 pars

260 1970 445 2053 incorrupta
461 1976 585 2031 servata
600 1968 650 2030 sit.
669 1966 720 2030 Sic
744 1967 838 2051 plura
861 1967 999 2029 historiae
1015 1987 1155 2031 romanae
1173 1968 1278 2030 alito
1298 1967 1386 2032 Livio

260 2072 446 2156 conscriptae
469 2072 574 2156 capita
598 2070 779 2154 perierunt,
805 2067 890 2133 docti
911 2077 1020 2132 tamen
1045 2087 1255 2154 nequaquam*
1273 2068 1387 2132 exindo

160 2193 164 2199 ’
260 2172 457 2238 concludunt
478 2181 605 2258 ,partem
629 2170 725 2257 hujus
748 2172 886 2235 historiae
918 2173 1118 2256 superstitem
1143 2162 1385 2254 auctoritatem,
1452 2219 1454 2222 ι

260 2298 358 2363 quam
375 2286 470 2340 antea
486 2274 662 2358 obtinebat,
678 2275 830 2338 amisisse.
851 2276 1015 2339 Lectiones
1032 2276 1128 2339 etiam
1144 2276 1251 2358 variae,
1267 2297 1338 2361 quae
1354 2276 1387 2338 in

261 2378 394 2443 diversis
412 2377 556 2464 ejusdem
577 2377 651 2442 libri
674 2374 911 2461 exemplaribus
935 2386 1119 2461 oeeunrunt,
1139 2377 1236 2461 ipsius
1252 2379 1387 2461 integri-

261 2483 317 2551 tati
336 2503 400 2546 non
425 2491 540 2546 nocent
559 2478 656 2544 modo
679 2480 869 2544 narrationis
897 2478 1105 2542 substantiam
1131 2499 1196 2542 non
1218 2478 1384 2564 attingant.

305 2586 337 2648 5.
361 2585 517 2648 Veridieus
540 2605 596 2647 seu
613 2605 704 2647 oerooe
723 2580 900 2647 censendus
922 2591 969 2645 est
991 2581 1085 2663 liber,
1111 2580 1165 2665 qui
1193 2602 1257 2646 non
1283 2583 1386 2646 solum

262 2687 419 2771 genuinus
430 2696 476 2749 est
488 2696 519 2749 et
530 2687 664 2770 integer,
678 2683 733 2748 sed
747 2685 877 2769 iusuper
891 2681 1078 2747 sufficientia
1095 2703 1160 2767 prae
1172 2704 1205 2746 se
1221 2684 1283 2747 lert
1298 2683 1387 2748 indi-

263 2790 324 2871 cia,
340 2787 427 2874 quod
439 2796 551 2852 auctor
562 2809 614 2852 res
624 2796 728 2872 gestas
740 2787 906 2872 perspicue
921 2785 1105 2870 cognoverit
1118 2806 1234 2871 easque
1250 2785 1387 2851 fideliter

263 2892 417 2955 retulerit.

306 2994 338 3057 6.
356 2994 413 3057 His
420 2994 617 3079 praenotatis,
636 2995 892 3058 Introductionem
905 2993 1063 3078 specialem
1075 2992 1248 3059 dividimus
1263 2993 1387 3057 induas
1408 3060 1411 3069 ,

263 3106 381 3182 partes,
396 3117 534 3182 quarum
550 3098 654 3181 prima
666 3094 707 3181 de
720 3097 809 3161 libris
825 3098 952 3181 veteris,
967 3096 1108 3162 secunda
1123 3108 1230 3163 autern
1245 3095 1286 3161 de
1298 3095 1387 3160 libris

236 3287 240 3293 ι
264 3201 338 3263 novi
356 3200 557 3280 Testamenti,
575 3200 652 3283 agit.
844 3208 847 3215 '
