<?xml version="1.0" encoding="UTF-8"?>
<!DOCTYPE html PUBLIC "-//W3C//DTD XHTML 1.0 Transitional//EN"
    "http://www.w3.org/TR/xhtml1/DTD/xhtml1-transitional.dtd">
<html xmlns="http://www.w3.org/1999/xhtml" xml:lang="en" lang="en">
 <head>
  <title>
</title>
<meta http-equiv="Content-Type" content="text/html;charset=utf-8" />
  <meta name='ocr-system' content='tesseract 3.04.00' />
  <meta name='ocr-capabilities' content='ocr_page ocr_carea ocr_par ocr_line ocrx_word'/>
</head>
<body>
  <div class='ocr_page' id='page_1' title='image "./introductioinsa00lamygoog/introductioinsa00lamygoog_0219.png"; bbox 0 0 3166 4958; ppageno 0'>
   <div class='ocr_carea' id='block_1_1' title="bbox 262 271 1156 334">
    <p class='ocr_par' dir='ltr' id='par_1_1' title="bbox 262 271 1156 334">
     <span class='ocr_line' id='line_1_1' title="bbox 262 271 1156 334; baseline -0.003 0"><span class='ocrx_word' id='word_1_1' title='bbox 262 271 325 334; x_wconf 70' lang='lat'><strong>212</strong></span> <span class='ocrx_word' id='word_1_2' title='bbox 486 271 686 333; x_wconf 66' lang='lat' dir='ltr'><strong>rnrno&#39;nncrro</strong></span> <span class='ocrx_word' id='word_1_3' title='bbox 703 279 849 332; x_wconf 73' lang='lat' dir='ltr'><strong>secessus</strong></span> <span class='ocrx_word' id='word_1_4' title='bbox 868 291 901 332; x_wconf 84' lang='lat' dir='ltr'><strong>ru</strong></span> <span class='ocrx_word' id='word_1_5' title='bbox 915 290 940 332; x_wconf 89' lang='lat' dir='ltr'><strong>s.</strong></span> <span class='ocrx_word' id='word_1_6' title='bbox 957 289 1156 332; x_wconf 75' lang='lat' dir='ltr'><strong>senrrrnnau.</strong></span> 
     </span>
    </p>
   </div>
   <div class='ocr_carea' id='block_1_2' title="bbox 193 384 1514 2632">
    <p class='ocr_par' dir='ltr' id='par_1_2' title="bbox 261 384 1386 685">
     <span class='ocr_line' id='line_1_2' title="bbox 261 384 1386 471; baseline 0.001 -20"><span class='ocrx_word' id='word_1_7' title='bbox 261 388 444 471; x_wconf 89' lang='lat' dir='ltr'><strong>auctoritas,</strong></span> <span class='ocrx_word' id='word_1_8' title='bbox 470 395 557 471; x_wconf 92' lang='lat' dir='ltr'><strong>patet</strong></span> <span class='ocrx_word' id='word_1_9' title='bbox 580 408 618 450; x_wconf 78' lang='lat' dir='ltr'><strong>er</strong></span> <span class='ocrx_word' id='word_1_10' title='bbox 640 407 679 449; x_wconf 91' lang='lat' dir='ltr'><strong>eo</strong></span> <span class='ocrx_word' id='word_1_11' title='bbox 703 384 790 471; x_wconf 90' lang='lat' dir='ltr'><strong>quod</strong></span> <span class='ocrx_word' id='word_1_12' title='bbox 814 386 1025 451; x_wconf 79' lang='lat' dir='ltr'>Tertullianus</span> <span class='ocrx_word' id='word_1_13' title='bbox 1048 386 1163 451; x_wconf 79' lang='lat' dir='ltr'><strong>exinde</strong></span> <span class='ocrx_word' id='word_1_14' title='bbox 1189 389 1386 452; x_wconf 73' lang='lat' dir='ltr'><strong>Marcionem</strong></span> 
     </span>
     <span class='ocr_line' id='line_1_3' title="bbox 264 487 1386 574; baseline 0.003 -22"><span class='ocrx_word' id='word_1_15' title='bbox 264 488 407 552; x_wconf 77' lang='lat' dir='ltr'><strong>confutat</strong></span> <span class='ocrx_word' id='word_1_16' title='bbox 418 498 451 552; x_wconf 87' lang='lat' dir='ltr'><strong>et</strong></span> <span class='ocrx_word' id='word_1_17' title='bbox 465 488 581 573; x_wconf 92' lang='lat' dir='ltr'><strong>prohat</strong></span> <span class='ocrx_word' id='word_1_18' title='bbox 599 488 771 571; x_wconf 79' lang='lat' dir='ltr'><strong>Evangelia</strong></span> <span class='ocrx_word' id='word_1_19' title='bbox 795 487 858 552; x_wconf 89' lang='lat' dir='ltr'><strong>suis</strong></span> <span class='ocrx_word' id='word_1_20' title='bbox 882 487 1065 553; x_wconf 89' lang='lat' dir='ltr'><strong>auctoribus</strong></span> <span class='ocrx_word' id='word_1_21' title='bbox 1086 489 1245 574; x_wconf 85' lang='lat' dir='ltr'><strong>Matthaeo,</strong></span> <span class='ocrx_word' id='word_1_22' title='bbox 1263 491 1386 573; x_wconf 86' lang='lat' dir='ltr'><strong>Marco,</strong></span> 
     </span>
     <span class='ocr_line' id='line_1_4' title="bbox 263 590 1307 677; baseline 0.002 -23"><span class='ocrx_word' id='word_1_23' title='bbox 263 592 355 655; x_wconf 82' lang='lat' dir='ltr'><strong>Lucas</strong></span> <span class='ocrx_word' id='word_1_24' title='bbox 371 601 402 655; x_wconf 90' lang='lat' dir='ltr'><strong>et</strong></span> <span class='ocrx_word' id='word_1_25' title='bbox 417 592 545 674; x_wconf 84' lang='lat' dir='ltr'><strong>loanni,</strong></span> <span class='ocrx_word' id='word_1_26' title='bbox 563 613 631 656; x_wconf 86' lang='lat' dir='ltr'><strong>esse</strong></span> <span class='ocrx_word' id='word_1_27' title='bbox 647 590 817 655; x_wconf 88' lang='lat' dir='ltr'><strong>tribuenda</strong></span> <span class='ocrx_word' id='word_1_28' title='bbox 834 590 894 677; x_wconf 87' lang='lat' dir='ltr'><strong>(t).</strong></span> <span class='ocrx_word' id='word_1_29' title='bbox 1304 596 1307 605; x_wconf 82' lang='grc'><em>’</em></span> 
     </span>
    </p>

    <p class='ocr_par' dir='ltr' id='par_1_3' title="bbox 248 678 1452 1506">
     <span class='ocr_line' id='line_1_5' title="bbox 282 678 1390 791; baseline 0.005 -34"><span class='ocrx_word' id='word_1_30' title='bbox 282 678 360 791; x_wconf 63' lang='lat'><strong>[12.</strong></span> <span class='ocrx_word' id='word_1_31' title='bbox 383 696 495 758; x_wconf 78' lang='lat' dir='ltr'><strong>Matuta</strong></span> <span class='ocrx_word' id='word_1_32' title='bbox 518 706 648 779; x_wconf 83' lang='lat' dir='ltr'><strong>quatuor</strong></span> <span class='ocrx_word' id='word_1_33' title='bbox 670 693 905 778; x_wconf 77' lang='lat' dir='ltr'><strong>Eouaqeliorum</strong></span> <span class='ocrx_word' id='word_1_34' title='bbox 929 693 1099 761; x_wconf 75' lang='lat' dir='ltr'><em>relationes.</em></span> <span class='ocrx_word' id='word_1_35' title='bbox 1119 684 1263 777; x_wconf 72' lang='lat' dir='ltr'><strong>Quatuor</strong></span> <span class='ocrx_word' id='word_1_36' title='bbox 1277 698 1390 762; x_wconf 81' lang='lat' dir='ltr'><strong>Evan-</strong></span> 
     </span>
     <span class='ocr_line' id='line_1_6' title="bbox 261 796 1390 884; baseline 0.004 -22"><span class='ocrx_word' id='word_1_37' title='bbox 261 798 381 883; x_wconf 79' lang='lat' dir='ltr'><strong>gelistoe</strong></span> <span class='ocrx_word' id='word_1_38' title='bbox 394 799 429 863; x_wconf 88' lang='lat' dir='ltr'><strong>in</strong></span> <span class='ocrx_word' id='word_1_39' title='bbox 449 800 512 863; x_wconf 92' lang='lat' dir='ltr'><strong>hoc</strong></span> <span class='ocrx_word' id='word_1_40' title='bbox 528 798 721 863; x_wconf 88' lang='lat' dir='ltr'><strong>conveniunt</strong></span> <span class='ocrx_word' id='word_1_41' title='bbox 737 796 829 883; x_wconf 80' lang='lat' dir='ltr'><strong>quod</strong></span> <span class='ocrx_word' id='word_1_42' title='bbox 845 798 955 862; x_wconf 78' lang='lat' dir='ltr'><strong>ornnes</strong></span> <span class='ocrx_word' id='word_1_43' title='bbox 975 800 1116 884; x_wconf 77' lang='lat' dir='ltr'><strong>aliquem</strong></span> <span class='ocrx_word' id='word_1_44' title='bbox 1132 800 1276 864; x_wconf 78' lang='lat' dir='ltr'><strong>referunt</strong></span> <span class='ocrx_word' id='word_1_45' title='bbox 1295 800 1390 866; x_wconf 87' lang='lat' dir='ltr'><strong>dele-</strong></span> 
     </span>
     <span class='ocr_line' id='line_1_7' title="bbox 264 899 1452 988; baseline 0.003 -23"><span class='ocrx_word' id='word_1_46' title='bbox 264 909 350 965; x_wconf 92' lang='lat' dir='ltr'><strong>ctum</strong></span> <span class='ocrx_word' id='word_1_47' title='bbox 373 923 411 965; x_wconf 81' lang='lat' dir='ltr'><strong>ex</strong></span> <span class='ocrx_word' id='word_1_48' title='bbox 429 901 542 966; x_wconf 77' lang='lat' dir='ltr'>Christi</span> <span class='ocrx_word' id='word_1_49' title='bbox 558 902 653 986; x_wconf 84' lang='lat' dir='ltr'><strong>gestis</strong></span> <span class='ocrx_word' id='word_1_50' title='bbox 665 911 697 963; x_wconf 87' lang='lat' dir='ltr'><strong>et</strong></span> <span class='ocrx_word' id='word_1_51' title='bbox 712 899 815 982; x_wconf 81' lang='lat' dir='ltr'><strong>dietis,</strong></span> <span class='ocrx_word' id='word_1_52' title='bbox 833 899 922 987; x_wconf 92' lang='lat' dir='ltr'><strong>quod</strong></span> <span class='ocrx_word' id='word_1_53' title='bbox 945 923 985 966; x_wconf 87' lang='lat' dir='ltr'><strong>ue</strong></span> <span class='ocrx_word' id='word_1_54' title='bbox 997 903 1066 986; x_wconf 80' lang='lat' dir='ltr'><strong>ejus</strong></span> <span class='ocrx_word' id='word_1_55' title='bbox 1081 904 1272 988; x_wconf 78' lang='lat' dir='ltr'>passionem,</span> <span class='ocrx_word' id='word_1_56' title='bbox 1295 924 1389 968; x_wconf 87' lang='lat' dir='ltr'><strong>mor-</strong></span> <span class='ocrx_word' id='word_1_57' title='bbox 1448 908 1452 916; x_wconf 62' lang='lat'><em>⁴</em></span> 
     </span>
     <span class='ocr_line' id='line_1_8' title="bbox 262 922 1389 1125; baseline 0.004 -58"><span class='ocrx_word' id='word_1_58' title='bbox 262 1012 327 1067; x_wconf 89' lang='lat' dir='ltr'><strong>tem</strong></span> <span class='ocrx_word' id='word_1_59' title='bbox 345 1025 383 1068; x_wconf 90' lang='lat' dir='ltr'><strong>ac</strong></span> <span class='ocrx_word' id='word_1_60' title='bbox 407 1004 683 1085; x_wconf 77' lang='lat' dir='ltr'><strong>resurrectionem,</strong></span> <span class='ocrx_word' id='word_1_61' title='bbox 710 1012 852 1068; x_wconf 73' lang='lat' dir='ltr'><strong>namot.</strong></span> <span class='ocrx_word' id='word_1_62' title='bbox 875 922 1048 1125; x_wconf 51' lang='lat' dir='ltr'><strong>prrero</strong></span> <span class='ocrx_word' id='word_1_63' title='bbox 1072 1007 1205 1090; x_wconf 82' lang='lat' dir='ltr'><strong>priores,</strong></span> <span class='ocrx_word' id='word_1_64' title='bbox 1224 1007 1389 1071; x_wconf 75' lang='lat' dir='ltr'><strong>Matthaeus</strong></span> 
     </span>
     <span class='ocr_line' id='line_1_9' title="bbox 263 1106 1388 1193; baseline 0.004 -23"><span class='ocrx_word' id='word_1_65' title='bbox 263 1106 393 1190; x_wconf 88' lang='lat' dir='ltr'><strong>seilicet,</strong></span> <span class='ocrx_word' id='word_1_66' title='bbox 411 1108 536 1172; x_wconf 88' lang='lat' dir='ltr'><strong>Marcus</strong></span> <span class='ocrx_word' id='word_1_67' title='bbox 548 1117 579 1171; x_wconf 89' lang='lat' dir='ltr'><strong>et</strong></span> <span class='ocrx_word' id='word_1_68' title='bbox 595 1108 696 1172; x_wconf 87' lang='lat' dir='ltr'><strong>Lucas</strong></span> <span class='ocrx_word' id='word_1_69' title='bbox 712 1108 744 1169; x_wconf 92' lang='lat' dir='ltr'><strong>in</strong></span> <span class='ocrx_word' id='word_1_70' title='bbox 760 1127 798 1170; x_wconf 89' lang='lat' dir='ltr'><strong>eo</strong></span> <span class='ocrx_word' id='word_1_71' title='bbox 816 1107 972 1171; x_wconf 87' lang='lat' dir='ltr'><strong>aloanne</strong></span> <span class='ocrx_word' id='word_1_72' title='bbox 990 1106 1173 1193; x_wconf 80' lang='lat' dir='ltr'><strong>discrepant</strong></span> <span class='ocrx_word' id='word_1_73' title='bbox 1194 1119 1224 1172; x_wconf 88' lang='lat' dir='ltr'><strong>et</strong></span> <span class='ocrx_word' id='word_1_74' title='bbox 1248 1111 1330 1173; x_wconf 87' lang='lat' dir='ltr'><strong>inter</strong></span> <span class='ocrx_word' id='word_1_75' title='bbox 1354 1131 1388 1174; x_wconf 83' lang='lat' dir='ltr'><strong>se</strong></span> 
     </span>
     <span class='ocr_line' id='line_1_10' title="bbox 248 1208 1389 1297; baseline 0 -21"><span class='ocrx_word' id='word_1_76' title='bbox 248 1211 457 1276; x_wconf 22' lang='lat' dir='ltr'><strong>&gt;conveniunt</strong></span> <span class='ocrx_word' id='word_1_77' title='bbox 480 1208 580 1295; x_wconf 91' lang='lat' dir='ltr'><strong>quod,</strong></span> <span class='ocrx_word' id='word_1_78' title='bbox 606 1210 717 1273; x_wconf 88' lang='lat' dir='ltr'><strong>ceteris</strong></span> <span class='ocrx_word' id='word_1_79' title='bbox 739 1210 807 1274; x_wconf 81' lang='lat' dir='ltr'><strong>fere</strong></span> <span class='ocrx_word' id='word_1_80' title='bbox 830 1210 970 1290; x_wconf 84' lang='lat' dir='ltr'><strong>omissis,</strong></span> <span class='ocrx_word' id='word_1_81' title='bbox 992 1213 1088 1275; x_wconf 87' lang='lat' dir='ltr'><strong>unice</strong></span> <span class='ocrx_word' id='word_1_82' title='bbox 1109 1210 1295 1276; x_wconf 86' lang='lat' dir='ltr'><strong>describunt</strong></span> <span class='ocrx_word' id='word_1_83' title='bbox 1317 1233 1389 1297; x_wconf 86' lang='lat' dir='ltr'><strong>quae</strong></span> 
     </span>
     <span class='ocr_line' id='line_1_11' title="bbox 263 1312 1390 1399; baseline 0.004 -25"><span class='ocrx_word' id='word_1_84' title='bbox 263 1312 355 1375; x_wconf 83' lang='lat' dir='ltr'><strong>lesus</strong></span> <span class='ocrx_word' id='word_1_85' title='bbox 371 1323 441 1397; x_wconf 90' lang='lat' dir='ltr'><strong>post</strong></span> <span class='ocrx_word' id='word_1_86' title='bbox 456 1333 549 1377; x_wconf 89' lang='lat' dir='ltr'><strong>suum</strong></span> <span class='ocrx_word' id='word_1_87' title='bbox 572 1314 728 1377; x_wconf 83' lang='lat' dir='ltr'><strong>aloanne</strong></span> <span class='ocrx_word' id='word_1_88' title='bbox 751 1313 945 1397; x_wconf 87' lang='lat' dir='ltr'><strong>baptismum</strong></span> <span class='ocrx_word' id='word_1_89' title='bbox 963 1313 996 1376; x_wconf 88' lang='lat' dir='ltr'><strong>in</strong></span> <span class='ocrx_word' id='word_1_90' title='bbox 1015 1313 1147 1378; x_wconf 85' lang='lat' dir='ltr'><strong>Galilaea</strong></span> <span class='ocrx_word' id='word_1_91' title='bbox 1172 1316 1235 1399; x_wconf 81' lang='lat' dir='ltr'><strong>egit</strong></span> <span class='ocrx_word' id='word_1_92' title='bbox 1259 1314 1390 1380; x_wconf 83' lang='lat' dir='ltr'><strong>etdixit</strong></span> 
     </span>
     <span class='ocr_line' id='line_1_12' title="bbox 265 1413 1386 1506; baseline 0.004 -29"><span class='ocrx_word' id='word_1_93' title='bbox 265 1435 365 1500; x_wconf 89' lang='lat' dir='ltr'><strong>usque</strong></span> <span class='ocrx_word' id='word_1_94' title='bbox 378 1413 420 1479; x_wconf 90' lang='lat' dir='ltr'><strong>ad</strong></span> <span class='ocrx_word' id='word_1_95' title='bbox 432 1417 580 1479; x_wconf 90' lang='lat' dir='ltr'><strong>ultimum</strong></span> <span class='ocrx_word' id='word_1_96' title='bbox 593 1418 625 1479; x_wconf 92' lang='lat' dir='ltr'><strong>in</strong></span> <span class='ocrx_word' id='word_1_97' title='bbox 637 1416 815 1480; x_wconf 81' lang='lat' dir='ltr'><strong>Jerusalem</strong></span> <span class='ocrx_word' id='word_1_98' title='bbox 828 1418 888 1480; x_wconf 90' lang='lat' dir='ltr'><strong>iter</strong></span> <span class='ocrx_word' id='word_1_99' title='bbox 903 1415 1086 1506; x_wconf 78' lang='lat' dir='ltr'><strong>immediate</strong></span> <span class='ocrx_word' id='word_1_100' title='bbox 1101 1426 1174 1481; x_wconf 90' lang='lat' dir='ltr'><strong>ante</strong></span> <span class='ocrx_word' id='word_1_101' title='bbox 1190 1418 1386 1502; x_wconf 63' lang='lat' dir='ltr'><strong>passionem</strong></span> 
     </span>
    </p>

    <p class='ocr_par' dir='ltr' id='par_1_4' title="bbox 193 1517 1493 1611">
     <span class='ocr_line' id='line_1_13' title="bbox 193 1517 1493 1611; baseline 0.003 -31"><span class='ocrx_word' id='word_1_102' title='bbox 193 1600 197 1609; x_wconf 23' lang='grc' dir='ltr'>ι</span> <span class='ocrx_word' id='word_1_103' title='bbox 267 1520 459 1582; x_wconf 89' lang='lat' dir='ltr'><strong>conveniunt</strong></span> <span class='ocrx_word' id='word_1_104' title='bbox 474 1528 626 1604; x_wconf 83' lang='lat' dir='ltr'><strong>praterea</strong></span> <span class='ocrx_word' id='word_1_105' title='bbox 643 1520 674 1581; x_wconf 91' lang='lat' dir='ltr'><strong>in</strong></span> <span class='ocrx_word' id='word_1_106' title='bbox 690 1539 728 1582; x_wconf 86' lang='lat' dir='ltr'><strong>eo</strong></span> <span class='ocrx_word' id='word_1_107' title='bbox 742 1517 829 1604; x_wconf 90' lang='lat' dir='ltr'><strong>quod</strong></span> <span class='ocrx_word' id='word_1_108' title='bbox 847 1540 929 1603; x_wconf 88' lang='lat' dir='ltr'><strong>saepe</strong></span> <span class='ocrx_word' id='word_1_109' title='bbox 943 1518 1073 1599; x_wconf 65' lang='lat' dir='ltr'><strong>eusdem</strong></span> <span class='ocrx_word' id='word_1_110' title='bbox 1086 1519 1200 1583; x_wconf 82' lang='lat' dir='ltr'><strong>Christi</strong></span> <span class='ocrx_word' id='word_1_111' title='bbox 1212 1540 1387 1611; x_wconf 57' lang='lat' dir='ltr'><strong>Quare,</strong></span> <span class='ocrx_word' id='word_1_112' title='bbox 1489 1526 1493 1529; x_wconf 66' lang='grc'>“</span> 
     </span>
    </p>

    <p class='ocr_par' dir='ltr' id='par_1_5' title="bbox 253 1619 1514 2632">
     <span class='ocr_line' id='line_1_14' title="bbox 253 1619 1390 1708; baseline 0.002 -24"><span class='ocrx_word' id='word_1_113' title='bbox 253 1619 379 1694; x_wconf 51' lang='lat' dir='ltr'><strong>eandem</strong></span> <span class='ocrx_word' id='word_1_114' title='bbox 402 1622 570 1708; x_wconf 59' lang='lat' dir='ltr'><strong>adsecula,</strong></span> <span class='ocrx_word' id='word_1_115' title='bbox 596 1630 749 1703; x_wconf 72' lang='lat' dir='ltr'><strong>narrant,</strong></span> <span class='ocrx_word' id='word_1_116' title='bbox 776 1620 861 1685; x_wconf 91' lang='lat' dir='ltr'><strong>unde</strong></span> <span class='ocrx_word' id='word_1_117' title='bbox 884 1624 1043 1708; x_wconf 75' lang='lat' dir='ltr'><strong>Syrtoptiei</strong></span> <span class='ocrx_word' id='word_1_118' title='bbox 1062 1631 1228 1686; x_wconf 79' lang='lat' dir='ltr'><strong>vocantur.</strong></span> <span class='ocrx_word' id='word_1_119' title='bbox 1250 1622 1390 1692; x_wconf 75' lang='lat' dir='ltr'><strong>‚Habent</strong></span> 
     </span>
     <span class='ocr_line' id='line_1_15' title="bbox 264 1723 1390 1821; baseline 0.001 -34"><span class='ocrx_word' id='word_1_120' title='bbox 264 1732 371 1787; x_wconf 88' lang='lat' dir='ltr'><strong>tamen</strong></span> <span class='ocrx_word' id='word_1_121' title='bbox 383 1725 498 1815; x_wconf 59' lang='lat' dir='ltr'><strong>singuli</strong></span> <span class='ocrx_word' id='word_1_122' title='bbox 511 1723 849 1821; x_wconf 56' lang='lat' dir='ltr'><strong>flfflffl</strong></span> <span class='ocrx_word' id='word_1_123' title='bbox 871 1725 934 1788; x_wconf 89' lang='lat' dir='ltr'><strong>alia</strong></span> <span class='ocrx_word' id='word_1_124' title='bbox 950 1723 1076 1818; x_wconf 58' lang='lat' dir='ltr'><strong>Q}</strong></span> <span class='ocrx_word' id='word_1_125' title='bbox 1093 1733 1228 1806; x_wconf 87' lang='lat' dir='ltr'><strong>tantum,</strong></span> <span class='ocrx_word' id='word_1_126' title='bbox 1244 1725 1309 1788; x_wconf 88' lang='lat' dir='ltr'><strong>alia</strong></span> <span class='ocrx_word' id='word_1_127' title='bbox 1326 1725 1390 1803; x_wconf 50' lang='lat' dir='ltr'><strong>tra„</strong></span> 
     </span>
     <span class='ocr_line' id='line_1_16' title="bbox 263 1825 1390 1914; baseline 0.002 -24"><span class='ocrx_word' id='word_1_128' title='bbox 263 1826 323 1890; x_wconf 89' lang='lat' dir='ltr'><strong>bus</strong></span> <span class='ocrx_word' id='word_1_129' title='bbox 339 1828 469 1912; x_wconf 89' lang='lat' dir='ltr'><strong>propria</strong></span> <span class='ocrx_word' id='word_1_130' title='bbox 484 1836 567 1891; x_wconf 88' lang='lat' dir='ltr'><strong>sunt.</strong></span> <span class='ocrx_word' id='word_1_131' title='bbox 590 1829 746 1891; x_wconf 84' lang='lat' dir='ltr'><strong>Praeterea</strong></span> <span class='ocrx_word' id='word_1_132' title='bbox 766 1836 829 1891; x_wconf 89' lang='lat' dir='ltr'><strong>tres</strong></span> <span class='ocrx_word' id='word_1_133' title='bbox 848 1828 1007 1914; x_wconf 76' lang='lat' dir='ltr'><strong>Spaoptiei</strong></span> <span class='ocrx_word' id='word_1_134' title='bbox 1022 1848 1063 1890; x_wconf 78' lang='lat' dir='ltr'><strong>sa</strong></span> <span class='ocrx_word' id='word_1_135' title='bbox 1087 1849 1104 1891; x_wconf 88' lang='lat' dir='ltr'><strong>e</strong></span> <span class='ocrx_word' id='word_1_136' title='bbox 1119 1825 1233 1892; x_wconf 88' lang='lat' dir='ltr'><strong>iisdem</strong></span> <span class='ocrx_word' id='word_1_137' title='bbox 1250 1838 1305 1892; x_wconf 88' lang='lat' dir='ltr'><strong>aut</strong></span> <span class='ocrx_word' id='word_1_138' title='bbox 1320 1829 1390 1892; x_wconf 87' lang='lat' dir='ltr'><strong>fere</strong></span> 
     </span>
     <span class='ocr_line' id='line_1_17' title="bbox 263 1927 1389 1995; baseline 0.003 -4"><span class='ocrx_word' id='word_1_139' title='bbox 263 1927 376 1995; x_wconf 90' lang='lat' dir='ltr'><strong>iisdem</strong></span> <span class='ocrx_word' id='word_1_140' title='bbox 389 1929 495 1994; x_wconf 80' lang='lat' dir='ltr'><strong>uerbis</strong></span> <span class='ocrx_word' id='word_1_141' title='bbox 512 1929 554 1994; x_wconf 90' lang='lat' dir='ltr'><strong>ad</strong></span> <span class='ocrx_word' id='word_1_142' title='bbox 572 1929 687 1994; x_wconf 71' lang='lat' dir='ltr'><strong>eadem</strong></span> <span class='ocrx_word' id='word_1_143' title='bbox 707 1928 878 1994; x_wconf 84' lang='lat' dir='ltr'><strong>referenda</strong></span> <span class='ocrx_word' id='word_1_144' title='bbox 902 1939 993 1993; x_wconf 91' lang='lat' dir='ltr'><strong>utunt</strong></span> <span class='ocrx_word' id='word_1_145' title='bbox 1083 1951 1203 1994; x_wconf 86' lang='lat' dir='ltr'><strong>oannes</strong></span> <span class='ocrx_word' id='word_1_146' title='bbox 1221 1952 1297 1995; x_wconf 81' lang='lat' dir='ltr'><strong>vero</strong></span> <span class='ocrx_word' id='word_1_147' title='bbox 1313 1953 1389 1995; x_wconf 89' lang='lat' dir='ltr'><strong>raro</strong></span> 
     </span>
     <span class='ocr_line' id='line_1_18' title="bbox 263 2033 1389 2117; baseline 0.001 -21"><span class='ocrx_word' id='word_1_148' title='bbox 263 2035 411 2097; x_wconf 87' lang='lat' dir='ltr'><strong>convenit</strong></span> <span class='ocrx_word' id='word_1_149' title='bbox 434 2053 508 2097; x_wconf 89' lang='lat' dir='ltr'><strong>eum</strong></span> <span class='ocrx_word' id='word_1_150' title='bbox 530 2033 579 2117; x_wconf 91' lang='lat' dir='ltr'><strong>iis,</strong></span> <span class='ocrx_word' id='word_1_151' title='bbox 598 2035 662 2097; x_wconf 85' lang='lat' dir='ltr'><strong>sive</strong></span> <span class='ocrx_word' id='word_1_152' title='bbox 685 2034 764 2097; x_wconf 87' lang='lat' dir='ltr'><strong>ratic</strong></span> <span class='ocrx_word' id='word_1_153' title='bbox 782 2033 940 2098; x_wconf 89' lang='lat' dir='ltr'><strong>habeatur</strong></span> <span class='ocrx_word' id='word_1_154' title='bbox 963 2052 1072 2096; x_wconf 89' lang='lat' dir='ltr'><strong>rerum</strong></span> <span class='ocrx_word' id='word_1_155' title='bbox 1088 2042 1303 2115; x_wconf 75' lang='lat' dir='ltr'><strong>namatarum,</strong></span> <span class='ocrx_word' id='word_1_156' title='bbox 1321 2034 1389 2097; x_wconf 90' lang='lat' dir='ltr'><strong>sive</strong></span> 
     </span>
     <span class='ocr_line' id='line_1_19' title="bbox 261 2135 1387 2223; baseline 0 -23"><span class='ocrx_word' id='word_1_157' title='bbox 261 2135 350 2200; x_wconf 88' lang='lat' dir='ltr'><strong>modi</strong></span> <span class='ocrx_word' id='word_1_158' title='bbox 373 2146 405 2200; x_wconf 88' lang='lat' dir='ltr'><strong>et</strong></span> <span class='ocrx_word' id='word_1_159' title='bbox 429 2137 540 2202; x_wconf 79' lang='lat' dir='ltr'><strong>formae</strong></span> <span class='ocrx_word' id='word_1_160' title='bbox 563 2138 778 2219; x_wconf 72' lang='lat' dir='ltr'><strong>narrationis,</strong></span> <span class='ocrx_word' id='word_1_161' title='bbox 804 2154 969 2223; x_wconf 88' lang='lat' dir='ltr'><strong>nunquam</strong></span> <span class='ocrx_word' id='word_1_162' title='bbox 993 2146 1102 2201; x_wconf 87' lang='lat' dir='ltr'><strong>tamen</strong></span> <span class='ocrx_word' id='word_1_163' title='bbox 1125 2135 1313 2201; x_wconf 74' lang='lat' dir='ltr'><strong>contradicit</strong></span> <span class='ocrx_word' id='word_1_164' title='bbox 1336 2138 1387 2221; x_wconf 90' lang='lat' dir='ltr'><strong>iis,</strong></span> 
     </span>
     <span class='ocr_line' id='line_1_20' title="bbox 260 2214 1391 2336; baseline 0.004 -38"><span class='ocrx_word' id='word_1_165' title='bbox 260 2257 333 2320; x_wconf 80' lang='lat' dir='ltr'><strong>quae</strong></span> <span class='ocrx_word' id='word_1_166' title='bbox 345 2237 552 2323; x_wconf 85' lang='lat' dir='ltr'><strong>a&#39;Synopticis</strong></span> <span class='ocrx_word' id='word_1_167' title='bbox 567 2214 816 2336; x_wconf 67' lang='lat' dir='ltr'><strong>referunturJDc</strong></span> <span class='ocrx_word' id='word_1_168' title='bbox 829 2240 893 2303; x_wconf 92' lang='lat' dir='ltr'><strong>istis</strong></span> <span class='ocrx_word' id='word_1_169' title='bbox 906 2247 1013 2303; x_wconf 89' lang='lat' dir='ltr'><strong>autem</strong></span> <span class='ocrx_word' id='word_1_170' title='bbox 1026 2239 1233 2304; x_wconf 81' lang='lat' dir='ltr'><strong>relationibus</strong></span> <span class='ocrx_word' id='word_1_171' title='bbox 1244 2237 1391 2303; x_wconf 86' lang='lat' dir='ltr'><strong>dicemus</strong></span> 
     </span>
     <span class='ocr_line' id='line_1_21' title="bbox 261 2335 1514 2428; baseline 0.005 -29"><span class='ocrx_word' id='word_1_172' title='bbox 261 2338 345 2402; x_wconf 84' lang='lat' dir='ltr'><strong>inira</strong></span> <span class='ocrx_word' id='word_1_173' title='bbox 370 2339 412 2402; x_wconf 91' lang='lat' dir='ltr'><strong>ad</strong></span> <span class='ocrx_word' id='word_1_174' title='bbox 428 2340 683 2426; x_wconf 84' lang='lat' dir='ltr'><strong>unumquodque</strong></span> <span class='ocrx_word' id='word_1_175' title='bbox 703 2342 924 2428; x_wconf 81' lang='lat' dir='ltr'><strong>Evangelium.</strong></span> <span class='ocrx_word' id='word_1_176' title='bbox 942 2343 1126 2427; x_wconf 78' lang='lat' dir='ltr'><strong>Excogitata</strong></span> <span class='ocrx_word' id='word_1_177' title='bbox 1141 2351 1248 2406; x_wconf 87' lang='lat' dir='ltr'><strong>autem</strong></span> <span class='ocrx_word' id='word_1_178' title='bbox 1268 2341 1308 2405; x_wconf 91' lang='lat' dir='ltr'><strong>de</strong></span> <span class='ocrx_word' id='word_1_179' title='bbox 1326 2342 1391 2405; x_wconf 91' lang='lat' dir='ltr'><strong>hae</strong></span> <span class='ocrx_word' id='word_1_180' title='bbox 1507 2335 1514 2345; x_wconf 73' lang='grc'><strong>“</strong></span> 
     </span>
     <span class='ocr_line' id='line_1_22' title="bbox 263 2442 1390 2531; baseline 0.006 -29"><span class='ocrx_word' id='word_1_181' title='bbox 263 2461 297 2502; x_wconf 87' lang='lat' dir='ltr'><strong>ro</strong></span> <span class='ocrx_word' id='word_1_182' title='bbox 313 2462 333 2503; x_wconf 94' lang='lat' dir='ltr'><strong>a</strong></span> <span class='ocrx_word' id='word_1_183' title='bbox 350 2442 564 2507; x_wconf 85' lang='lat' dir='ltr'><strong>Rationalistis</strong></span> <span class='ocrx_word' id='word_1_184' title='bbox 581 2454 749 2529; x_wconf 86' lang='lat' dir='ltr'><strong>systemata</strong></span> <span class='ocrx_word' id='word_1_185' title='bbox 773 2466 970 2531; x_wconf 80' lang='lat' dir='ltr'><strong>exponemus</strong></span> <span class='ocrx_word' id='word_1_186' title='bbox 980 2466 1060 2510; x_wconf 87' lang='lat' dir='ltr'><strong>enm</strong></span> <span class='ocrx_word' id='word_1_187' title='bbox 1075 2446 1145 2510; x_wconf 79' lang='lat' dir='ltr'><strong>aliis</strong></span> <span class='ocrx_word' id='word_1_188' title='bbox 1163 2464 1275 2509; x_wconf 83' lang='lat' dir='ltr'><strong>eorum</strong></span> <span class='ocrx_word' id='word_1_189' title='bbox 1297 2465 1390 2509; x_wconf 81' lang='lat' dir='ltr'><strong>erro·</strong></span> 
     </span>
     <span class='ocr_line' id='line_1_23' title="bbox 261 2541 820 2632; baseline 0.016 -28"><span class='ocrx_word' id='word_1_190' title='bbox 261 2541 350 2606; x_wconf 87' lang='lat' dir='ltr'><strong>ribus</strong></span> <span class='ocrx_word' id='word_1_191' title='bbox 365 2542 407 2608; x_wconf 90' lang='lat' dir='ltr'><strong>de</strong></span> <span class='ocrx_word' id='word_1_192' title='bbox 423 2548 545 2631; x_wconf 82' lang='lat' dir='ltr'><strong>origine</strong></span> <span class='ocrx_word' id='word_1_193' title='bbox 560 2548 820 2632; x_wconf 80' lang='lat' dir='ltr'><strong>Evangeliorurn.</strong></span> 
     </span>
    </p>
   </div>
   <div class='ocr_carea' id='block_1_3' title="bbox 555 2760 1086 2846">
    <p class='ocr_par' dir='ltr' id='par_1_6' title="bbox 555 2760 1086 2846">
     <span class='ocr_line' id='line_1_24' title="bbox 555 2760 1086 2846; baseline 0.008 -24"><span class='ocrx_word' id='word_1_194' title='bbox 555 2760 597 2824; x_wconf 90' lang='lat' dir='ltr'><strong>ll.</strong></span> <span class='ocrx_word' id='word_1_195' title='bbox 623 2762 669 2824; x_wconf 86' lang='lat' dir='ltr'><strong>De</strong></span> <span class='ocrx_word' id='word_1_196' title='bbox 690 2762 855 2846; x_wconf 64' lang='lat' dir='ltr'><strong>tranacta</strong></span> <span class='ocrx_word' id='word_1_197' title='bbox 879 2763 913 2826; x_wconf 90' lang='lat' dir='ltr'><strong>S.</strong></span> <span class='ocrx_word' id='word_1_198' title='bbox 940 2761 1086 2826; x_wconf 73' lang='lat' dir='ltr'><strong>Matiani.</strong></span> 
     </span>
    </p>
   </div>
   <div class='ocr_carea' id='block_1_4' title="bbox 86 2956 1472 4095">
    <p class='ocr_par' dir='ltr' id='par_1_7' title="bbox 305 2956 1472 3075">
     <span class='ocr_line' id='line_1_25' title="bbox 305 2956 1472 3075; baseline 0.003 -32"><span class='ocrx_word' id='word_1_199' title='bbox 305 2956 595 3075; x_wconf 77' lang='lat' dir='ltr'><strong>l.[Arpumentom.</strong></span> <span class='ocrx_word' id='word_1_200' title='bbox 626 2981 836 3067; x_wconf 81' lang='lat' dir='ltr'><strong>Evangelium</strong></span> <span class='ocrx_word' id='word_1_201' title='bbox 868 2984 906 3046; x_wconf 51' lang='lat' dir='ltr'><strong>S?</strong></span> <span class='ocrx_word' id='word_1_202' title='bbox 937 2981 1075 3046; x_wconf 88' lang='lat' dir='ltr'><strong>Matthaei</strong></span> <span class='ocrx_word' id='word_1_203' title='bbox 1100 2982 1322 3066; x_wconf 82' lang='lat' dir='ltr'><strong>complectitur</strong></span> <span class='ocrx_word' id='word_1_204' title='bbox 1347 3003 1388 3046; x_wconf 88' lang='lat' dir='ltr'><strong>ex</strong></span> <span class='ocrx_word' id='word_1_205' title='bbox 1469 3025 1472 3031; x_wconf 69' lang='lat'><strong>,</strong></span> 
     </span>
    </p>

    <p class='ocr_par' dir='ltr' id='par_1_8' title="bbox 119 3083 1389 3376">
     <span class='ocr_line' id='line_1_26' title="bbox 177 3083 1389 3170; baseline 0.003 -27"><span class='ocrx_word' id='word_1_206' title='bbox 177 3130 187 3143; x_wconf 50' lang='lat' dir='ltr'><strong>a</strong></span> <span class='ocrx_word' id='word_1_207' title='bbox 237 3118 239 3123; x_wconf 68' lang='lat'><strong>,</strong></span> <span class='ocrx_word' id='word_1_208' title='bbox 262 3083 375 3148; x_wconf 86' lang='lat' dir='ltr'><strong>ordine</strong></span> <span class='ocrx_word' id='word_1_209' title='bbox 402 3084 566 3149; x_wconf 84' lang='lat' dir='ltr'><strong>historiam</strong></span> <span class='ocrx_word' id='word_1_210' title='bbox 589 3085 753 3168; x_wconf 75' lang='lat' dir='ltr'><strong>infantie,</strong></span> <span class='ocrx_word' id='word_1_211' title='bbox 779 3084 1011 3170; x_wconf 67' lang='lat' dir='ltr'><strong>predicationis</strong></span> <span class='ocrx_word' id='word_1_212' title='bbox 1034 3083 1190 3169; x_wconf 87' lang='lat' dir='ltr'><strong>publicae,</strong></span> <span class='ocrx_word' id='word_1_213' title='bbox 1217 3085 1327 3149; x_wconf 89' lang='lat' dir='ltr'><strong>mortis</strong></span> <span class='ocrx_word' id='word_1_214' title='bbox 1348 3106 1389 3148; x_wconf 89' lang='lat' dir='ltr'><strong>ae</strong></span> 
     </span>
     <span class='ocr_line' id='line_1_27' title="bbox 119 3112 1389 3272; baseline -0.002 -20"><span class='ocrx_word' id='word_1_215' title='bbox 119 3156 179 3245; x_wconf 61' lang='lat' dir='ltr'><strong>‘idi</strong></span> <span class='ocrx_word' id='word_1_216' title='bbox 194 3112 241 3237; x_wconf 48' lang='grc' dir='ltr'><strong>ί*</strong></span> <span class='ocrx_word' id='word_1_217' title='bbox 261 3187 500 3253; x_wconf 88' lang='lat' dir='ltr'><strong>resurrectionis</strong></span> <span class='ocrx_word' id='word_1_218' title='bbox 522 3188 598 3250; x_wconf 85' lang='lat' dir='ltr'><strong>lesu</strong></span> <span class='ocrx_word' id='word_1_219' title='bbox 620 3187 745 3250; x_wconf 78' lang='lat' dir='ltr'><strong>Christi,</strong></span> <span class='ocrx_word' id='word_1_220' title='bbox 771 3186 820 3251; x_wconf 83' lang='lat' dir='ltr'><strong>Ac</strong></span> <span class='ocrx_word' id='word_1_221' title='bbox 838 3189 941 3272; x_wconf 88' lang='lat' dir='ltr'><strong>primo</strong></span> <span class='ocrx_word' id='word_1_222' title='bbox 959 3185 1090 3272; x_wconf 91' lang='lat' dir='ltr'><strong>quidem</strong></span> <span class='ocrx_word' id='word_1_223' title='bbox 1112 3186 1296 3249; x_wconf 79' lang='lat' dir='ltr'><strong>referuntur</strong></span> <span class='ocrx_word' id='word_1_224' title='bbox 1317 3185 1389 3272; x_wconf 86' lang='lat' dir='ltr'><strong>ejus</strong></span> 
     </span>
     <span class='ocr_line' id='line_1_28' title="bbox 261 3286 1388 3376; baseline -0.004 -22"><span class='ocrx_word' id='word_1_225' title='bbox 261 3291 459 3376; x_wconf 80' lang='lat' dir='ltr'><strong>genealogia,</strong></span> <span class='ocrx_word' id='word_1_226' title='bbox 474 3289 639 3374; x_wconf 86' lang='lat' dir='ltr'><strong>conceptio</strong></span> <span class='ocrx_word' id='word_1_227' title='bbox 656 3311 694 3351; x_wconf 83' lang='lat' dir='ltr'><strong>ex</strong></span> <span class='ocrx_word' id='word_1_228' title='bbox 705 3289 847 3373; x_wconf 84' lang='lat' dir='ltr'><strong>Virgine,</strong></span> <span class='ocrx_word' id='word_1_229' title='bbox 862 3289 1008 3352; x_wconf 85' lang='lat' dir='ltr'><strong>nativitas</strong></span> <span class='ocrx_word' id='word_1_230' title='bbox 1024 3288 1056 3350; x_wconf 91' lang='lat' dir='ltr'><strong>in</strong></span> <span class='ocrx_word' id='word_1_231' title='bbox 1076 3287 1252 3370; x_wconf 77' lang='lat' dir='ltr'><strong>Bethleem,</strong></span> <span class='ocrx_word' id='word_1_232' title='bbox 1267 3286 1388 3351; x_wconf 91' lang='lat' dir='ltr'><strong>adora-</strong></span> 
     </span>
    </p>

    <p class='ocr_par' dir='ltr' id='par_1_9' title="bbox 261 3388 1387 3475">
     <span class='ocr_line' id='line_1_29' title="bbox 261 3388 1387 3475; baseline 0 -21"><span class='ocrx_word' id='word_1_233' title='bbox 261 3391 306 3454; x_wconf 90' lang='lat' dir='ltr'><strong>tio</strong></span> <span class='ocrx_word' id='word_1_234' title='bbox 318 3392 496 3475; x_wconf 79' lang='lat' dir='ltr'><strong>Magorum,</strong></span> <span class='ocrx_word' id='word_1_235' title='bbox 517 3389 617 3454; x_wconf 85' lang='lat' dir='ltr'><strong>caedes</strong></span> <span class='ocrx_word' id='word_1_236' title='bbox 631 3392 861 3471; x_wconf 87' lang='lat' dir='ltr'><strong>innocentium,</strong></span> <span class='ocrx_word' id='word_1_237' title='bbox 880 3391 957 3474; x_wconf 81' lang='lat' dir='ltr'><strong>fuga</strong></span> <span class='ocrx_word' id='word_1_238' title='bbox 977 3389 1009 3453; x_wconf 92' lang='lat' dir='ltr'><strong>in</strong></span> <span class='ocrx_word' id='word_1_239' title='bbox 1023 3390 1194 3474; x_wconf 79' lang='lat' dir='ltr'><strong>AEgyptum</strong></span> <span class='ocrx_word' id='word_1_240' title='bbox 1210 3410 1247 3453; x_wconf 91' lang='lat' dir='ltr'><strong>ae</strong></span> <span class='ocrx_word' id='word_1_241' title='bbox 1267 3388 1387 3454; x_wconf 88' lang='lat' dir='ltr'><strong>reditus</strong></span> 
     </span>
    </p>

    <p class='ocr_par' dir='ltr' id='par_1_10' title="bbox 262 3490 1387 3579">
     <span class='ocr_line' id='line_1_30' title="bbox 262 3490 1387 3579; baseline 0 -22"><span class='ocrx_word' id='word_1_242' title='bbox 262 3495 294 3558; x_wconf 89' lang='lat' dir='ltr'><strong>in</strong></span> <span class='ocrx_word' id='word_1_243' title='bbox 308 3494 463 3558; x_wconf 87' lang='lat' dir='ltr'><strong>Nazareth</strong></span> <span class='ocrx_word' id='word_1_244' title='bbox 476 3492 581 3579; x_wconf 83' lang='lat' dir='ltr'><strong>(l-ll).</strong></span> <span class='ocrx_word' id='word_1_245' title='bbox 598 3493 710 3558; x_wconf 85' lang='lat' dir='ltr'><strong>Narrat</strong></span> <span class='ocrx_word' id='word_1_246' title='bbox 722 3493 839 3558; x_wconf 87' lang='lat' dir='ltr'><strong>deinde</strong></span> <span class='ocrx_word' id='word_1_247' title='bbox 850 3493 1051 3578; x_wconf 83' lang='lat' dir='ltr'><strong>Evangelista</strong></span> <span class='ocrx_word' id='word_1_248' title='bbox 1063 3490 1176 3557; x_wconf 75' lang='lat' dir='ltr'><strong>Christi</strong></span> <span class='ocrx_word' id='word_1_249' title='bbox 1192 3492 1387 3577; x_wconf 81' lang='lat' dir='ltr'><strong>baptismum</strong></span> 
     </span>
    </p>

    <p class='ocr_par' dir='ltr' id='par_1_11' title="bbox 261 3585 1387 3786">
     <span class='ocr_line' id='line_1_31' title="bbox 261 3585 1384 3682; baseline -0.002 -21"><span class='ocrx_word' id='word_1_250' title='bbox 261 3619 281 3660; x_wconf 91' lang='lat' dir='ltr'><strong>a</strong></span> <span class='ocrx_word' id='word_1_251' title='bbox 309 3597 449 3678; x_wconf 83' lang='lat' dir='ltr'><strong>loanne,</strong></span> <span class='ocrx_word' id='word_1_252' title='bbox 478 3594 639 3681; x_wconf 85' lang='lat' dir='ltr'><strong>jejunium</strong></span> <span class='ocrx_word' id='word_1_253' title='bbox 663 3618 700 3661; x_wconf 91' lang='lat' dir='ltr'><strong>ae</strong></span> <span class='ocrx_word' id='word_1_254' title='bbox 724 3597 929 3660; x_wconf 90' lang='lat' dir='ltr'><strong>tentationem</strong></span> <span class='ocrx_word' id='word_1_255' title='bbox 952 3585 984 3659; x_wconf 89' lang='lat' dir='ltr'><strong>in</strong></span> <span class='ocrx_word' id='word_1_256' title='bbox 1008 3594 1133 3658; x_wconf 81' lang='lat' dir='ltr'><strong>deserto</strong></span> <span class='ocrx_word' id='word_1_257' title='bbox 1157 3596 1289 3678; x_wconf 87' lang='lat' dir='ltr'><strong>(Ill-IV,</strong></span> <span class='ocrx_word' id='word_1_258' title='bbox 1316 3596 1384 3682; x_wconf 79' lang='lat' dir='ltr'><strong>tr).</strong></span> 
     </span>
     <span class='ocr_line' id='line_1_32' title="bbox 262 3697 1387 3786; baseline 0 -25"><span class='ocrx_word' id='word_1_259' title='bbox 262 3699 411 3785; x_wconf 89' lang='lat' dir='ltr'><strong>Sequitur</strong></span> <span class='ocrx_word' id='word_1_260' title='bbox 423 3698 552 3783; x_wconf 87' lang='lat' dir='ltr'><strong>historia</strong></span> <span class='ocrx_word' id='word_1_261' title='bbox 565 3697 684 3786; x_wconf 87' lang='lat' dir='ltr'><strong>publici</strong></span> <span class='ocrx_word' id='word_1_262' title='bbox 697 3699 869 3763; x_wconf 85' lang='lat' dir='ltr'><strong>Salvatoris</strong></span> <span class='ocrx_word' id='word_1_263' title='bbox 882 3699 915 3765; x_wconf 89' lang='lat' dir='ltr'><strong>in</strong></span> <span class='ocrx_word' id='word_1_264' title='bbox 930 3697 1058 3763; x_wconf 87' lang='lat' dir='ltr'><strong>Galilaea</strong></span> <span class='ocrx_word' id='word_1_265' title='bbox 1073 3697 1249 3760; x_wconf 88' lang='lat' dir='ltr'><strong>ministerii.</strong></span> <span class='ocrx_word' id='word_1_266' title='bbox 1263 3697 1387 3761; x_wconf 87' lang='lat' dir='ltr'><strong>Sistun-</strong></span> 
     </span>
    </p>

    <p class='ocr_par' dir='ltr' id='par_1_12' title="bbox 82 3800 1389 4095">
     <span class='ocr_line' id='line_1_33' title="bbox 86 3800 1388 3895; baseline 0.001 -30"><span class='ocrx_word' id='word_1_267' title='bbox 86 3814 124 3895; x_wconf 63' lang='lat' dir='ltr'><strong>⁴j⁸</strong></span> <span class='ocrx_word' id='word_1_268' title='bbox 154 3824 188 3889; x_wconf 58' lang='lat'><strong>⁴5,</strong></span> <span class='ocrx_word' id='word_1_269' title='bbox 199 3858 212 3886; x_wconf 65' lang='lat'><strong>,</strong></span> <span class='ocrx_word' id='word_1_270' title='bbox 262 3811 313 3866; x_wconf 90' lang='lat' dir='ltr'><strong>tur</strong></span> <span class='ocrx_word' id='word_1_271' title='bbox 330 3802 394 3884; x_wconf 90' lang='lat' dir='ltr'><strong>hic,</strong></span> <span class='ocrx_word' id='word_1_272' title='bbox 413 3800 525 3866; x_wconf 89' lang='lat' dir='ltr'><strong>ordine</strong></span> <span class='ocrx_word' id='word_1_273' title='bbox 543 3800 770 3893; x_wconf 73' lang='lat' dir='ltr'><strong>chronologico</strong></span> <span class='ocrx_word' id='word_1_274' title='bbox 787 3823 852 3867; x_wconf 89' lang='lat' dir='ltr'><strong>non</strong></span> <span class='ocrx_word' id='word_1_275' title='bbox 866 3822 992 3885; x_wconf 85' lang='lat' dir='ltr'><strong>semper</strong></span> <span class='ocrx_word' id='word_1_276' title='bbox 1004 3809 1141 3882; x_wconf 82' lang='lat' dir='ltr'><strong>serrato,</strong></span> <span class='ocrx_word' id='word_1_277' title='bbox 1157 3803 1281 3883; x_wconf 78' lang='lat' dir='ltr'><strong>vocatio</strong></span> <span class='ocrx_word' id='word_1_278' title='bbox 1295 3800 1388 3886; x_wconf 79' lang='lat' dir='ltr'><strong>Apo-</strong></span> 
     </span>
     <span class='ocr_line' id='line_1_34' title="bbox 144 3878 1385 3991; baseline 0.001 -21.952"><span class='ocrx_word' id='word_1_279' title='bbox 144 3884 154 3905; x_wconf 52' lang='lat'>⁹</span> <span class='ocrx_word' id='word_1_280' title='bbox 163 3878 192 3909; x_wconf 44' lang='grc' dir='ltr'><strong>Μ</strong></span> <span class='ocrx_word' id='word_1_281' title='bbox 261 3907 427 3989; x_wconf 89' lang='lat' dir='ltr'><strong>stolorum,</strong></span> <span class='ocrx_word' id='word_1_282' title='bbox 442 3926 547 3970; x_wconf 88' lang='lat' dir='ltr'><strong>sermo</strong></span> <span class='ocrx_word' id='word_1_283' title='bbox 561 3908 592 3969; x_wconf 90' lang='lat' dir='ltr'><strong>in</strong></span> <span class='ocrx_word' id='word_1_284' title='bbox 604 3917 724 3989; x_wconf 88' lang='lat' dir='ltr'><strong>monte,</strong></span> <span class='ocrx_word' id='word_1_285' title='bbox 740 3908 827 3970; x_wconf 88' lang='lat' dir='ltr'><strong>varia</strong></span> <span class='ocrx_word' id='word_1_286' title='bbox 840 3906 1007 3988; x_wconf 88' lang='lat' dir='ltr'><strong>miracula,</strong></span> <span class='ocrx_word' id='word_1_287' title='bbox 1023 3906 1129 3968; x_wconf 88' lang='lat' dir='ltr'><strong>missio</strong></span> <span class='ocrx_word' id='word_1_288' title='bbox 1142 3904 1385 3991; x_wconf 87' lang='lat' dir='ltr'><strong>discipulorum,</strong></span> 
     </span>
     <span class='ocr_line' id='line_1_35' title="bbox 262 4004 1389 4095; baseline 0.001 -23"><span class='ocrx_word' id='word_1_289' title='bbox 262 4007 436 4091; x_wconf 71' lang='lat' dir='ltr'><strong>par‘alrolae,</strong></span> <span class='ocrx_word' id='word_1_290' title='bbox 462 4008 617 4075; x_wconf 82' lang='lat' dir='ltr'><strong>confessio</strong></span> <span class='ocrx_word' id='word_1_291' title='bbox 641 4009 749 4090; x_wconf 90' lang='lat' dir='ltr'><strong>Petri,</strong></span> <span class='ocrx_word' id='word_1_292' title='bbox 773 4007 1024 4094; x_wconf 78' lang='lat' dir='ltr'><strong>transfiguratio,</strong></span> <span class='ocrx_word' id='word_1_293' title='bbox 1045 4004 1212 4095; x_wconf 34' lang='lat' dir='ltr'><strong>,praedictio</strong></span> <span class='ocrx_word' id='word_1_294' title='bbox 1233 4008 1389 4095; x_wconf 85' lang='lat' dir='ltr'><strong>passionis</strong></span> 
     </span>
    </p>
   </div>
   <div class='ocr_carea' id='block_1_5' title="bbox 262 4234 1388 4383">
    <p class='ocr_par' dir='ltr' id='par_1_13' title="bbox 262 4234 1388 4383">
     <span class='ocr_line' id='line_1_36' title="bbox 292 4234 1388 4301; baseline 0.001 -16"><span class='ocrx_word' id='word_1_295' title='bbox 292 4235 327 4299; x_wconf 85' lang='lat' dir='ltr'><strong>(t)</strong></span> <span class='ocrx_word' id='word_1_296' title='bbox 341 4237 377 4287; x_wconf 84' lang='lat' dir='ltr'><strong>lte</strong></span> <span class='ocrx_word' id='word_1_297' title='bbox 391 4237 473 4287; x_wconf 85' lang='lat' dir='ltr'><strong>titulis</strong></span> <span class='ocrx_word' id='word_1_298' title='bbox 496 4237 687 4300; x_wconf 80' lang='lat' dir='ltr'><strong>Evangettorum</strong></span> <span class='ocrx_word' id='word_1_299' title='bbox 706 4237 778 4287; x_wconf 87' lang='lat' dir='ltr'><strong>docte</strong></span> <span class='ocrx_word' id='word_1_300' title='bbox 793 4235 846 4298; x_wconf 77' lang='lat' dir='ltr'><strong>agtt</strong></span> <span class='ocrx_word' id='word_1_301' title='bbox 864 4235 995 4296; x_wconf 83' lang='lat' dir='ltr'><strong>Demaret,</strong></span> <span class='ocrx_word' id='word_1_302' title='bbox 1012 4234 1048 4285; x_wconf 78' lang='lat' dir='ltr'><strong>lte</strong></span> <span class='ocrx_word' id='word_1_303' title='bbox 1064 4236 1167 4301; x_wconf 75' lang='lat' dir='ltr'><strong>criptae</strong></span> <span class='ocrx_word' id='word_1_304' title='bbox 1185 4234 1388 4301; x_wconf 73' lang='lat' dir='ltr'><strong>Emrtpettoruas</strong></span> 
     </span>
     <span class='ocr_line' id='line_1_37' title="bbox 262 4317 1104 4383; baseline 0.002 -15"><span class='ocrx_word' id='word_1_305' title='bbox 262 4318 440 4383; x_wconf 78' lang='lat' dir='ltr'><strong>aequaeuam</strong></span> <span class='ocrx_word' id='word_1_306' title='bbox 456 4319 580 4370; x_wconf 82' lang='lat' dir='ltr'><strong>ttsrartea</strong></span> <span class='ocrx_word' id='word_1_307' title='bbox 591 4321 753 4371; x_wconf 65' lang='lat' dir='ltr'><strong>arroteritae.</strong></span> <span class='ocrx_word' id='word_1_308' title='bbox 766 4318 877 4380; x_wconf 78' lang='lat' dir='ltr'><strong>Lorarii,</strong></span> <span class='ocrx_word' id='word_1_309' title='bbox 894 4317 967 4379; x_wconf 67' lang='lat'><strong>1863,</strong></span> <span class='ocrx_word' id='word_1_310' title='bbox 980 4331 1003 4382; x_wconf 85' lang='lat' dir='ltr'><strong>p.</strong></span> <span class='ocrx_word' id='word_1_311' title='bbox 1020 4317 1104 4370; x_wconf 75' lang='lat' dir='ltr'><strong>teca.</strong></span> 
     </span>
    </p>
   </div>
   <div class='ocr_carea' id='block_1_6' title="bbox 0 0 1588 4958">
    <p class='ocr_par' dir='ltr' id='par_1_14' title="bbox 0 0 1588 4958">
     <span class='ocr_line' id='line_1_38' title="bbox 0 0 1588 4958; baseline 0 0"><span class='ocrx_word' id='word_1_312' title='bbox 0 0 1588 4958; x_wconf 95' lang='lat' dir='ltr'><strong> </strong></span> 
     </span>
    </p>
   </div>
  </div>
 </body>
</html>
