3132 4964
280 315 344 380 124
497 336 696 385 rnrnonoorro
720 335 868 380 scaurus
887 335 920 378 nr
943 334 969 380 s.
994 335 1193 381 scunroaau.

193 463 196 471 ·
283 449 387 500 cuncto
407 460 474 523 qaue
490 441 570 525 ficunt
586 441 711 504 adducet
725 439 808 500 Deus
829 439 861 499 iu
872 437 1022 521 judicium
1038 460 1095 522 pro
1115 438 1200 501 curui
1214 446 1323 509 errato,
1347 436 1414 500 sive
1520 515 1521 518 Ἴ

282 540 391 604 bouum
405 545 467 605 siue
481 543 595 607 malum
615 542 693 607 illud
711 546 751 604 sit
766 541 852 626 (Xll,
873 539 988 621 teat)
1006 540 1065 625 (l).

326 644 359 705 l.
390 645 501 708 Auctor
527 657 555 709 et
581 656 663 709 oetos.
698 644 903 707 Salomonem
926 641 1021 728 hujus
1048 642 1122 706 libri
1146 652 1310 707 auctorem
1339 663 1415 706 esse

284 754 431 809 constans
448 754 494 811 est
508 743 693 810 Judaeorum
709 767 747 809 ac
765 745 819 808 SS.
844 745 976 808 Petrum
999 743 1137 809 traditio.
1161 736 1415 810 attudeorum

284 847 415 933 quidem
423 847 583 933 judicium
596 859 642 927 est
654 849 859 912 Salomonem
871 846 1106 913 adolescentem
1116 849 1292 931 Canticum,
1302 851 1415 913 virum

284 950 481 1032 Proverbia,
508 972 617 1015 senem
640 951 851 1015 Ecclesiasten
876 952 1112 1035 composuisse,
1139 953 1171 1016 in
1196 973 1259 1037 quo
1282 960 1315 1015 et
1337 953 1415 1017 vitae

283 1061 436 1118 anteactae
451 1055 656 1138 poenitentem
669 1076 702 1118 sc
716 1054 863 1118 ostendit.
878 1055 961 1118 Huic
972 1055 1144 1119 universali
1156 1053 1317 1119 traditioni
1331 1076 1416 1119 con-

281 1165 397 1220 sonant
419 1178 491 1242 quae
520 1158 553 1220 in
582 1159 650 1242 ipso
680 1157 763 1221 libro
784 1158 945 1241 leguntur.
971 1158 1096 1221 Etenim
1120 1159 1152 1221 in
1179 1159 1270 1221 titulo
1294 1157 1349 1242 (Ι,
1379 1157 1416 1240 Ι)

284 1258 401 1324 dicitur
427 1284 435 1323 t
472 1262 506 1325 V
503 1262 572 1324 erbo
602 1262 812 1335 Ecclesiaste,
833 1260 896 1345 filit
925 1248 1039 1334 Dauid,
1063 1263 1142 1345 repis
1165 1260 1348 1325 Jerusalem.
1376 1261 1418 1323 Et

285 1364 370 1427 inira
386 1365 427 1450 (Ι,
447 1364 502 1449 ta)
518 1375 630 1429 auctor
652 1367 719 1450 ipse
736 1366 781 1428 ait
801 1388 809 1427 ε
831 1366 896 1449 qu
918 1364 1109 1429 Ecclesiastes
1125 1365 1175 1451 fui
1193 1387 1247 1427 rex
1261 1363 1362 1428 Israel
1382 1367 1417 1426 iu

285 1466 467 1530 Jerusalem.
497 1465 615 1550 Quod,
648 1469 723 1552 quia
745 1468 851 1531 statim
875 1475 946 1551 post
968 1466 1172 1530 Salomonem
1196 1467 1329 1530 scissum
1352 1466 1418 1529 fuit

287 1588 433 1652 regnum,
455 1578 486 1632 et
505 1590 595 1654 reges
613 1570 712 1634 lsrael
730 1591 794 1633 non
817 1569 961 1653 amplius
977 1569 1009 1630 in
1027 1568 1204 1632 Jerusalem
1222 1576 1415 1652 regnammt,

286 1671 319 1732 in
339 1691 403 1754 qua
419 1673 478 1734 soli
494 1693 585 1757 reges
599 1672 683 1737 luda
702 1672 901 1754 habitabant,
919 1672 977 1736 soli
993 1671 1156 1735 Salomoni
1174 1680 1206 1735 ct
1222 1672 1301 1736 nulli
1320 1672 1417 1736 alteri

287 1781 468 1856 competere
484 1783 598 1858 potest,
617 1776 699 1839 sicut
713 1775 791 1838 nulli
816 1775 906 1838 alteri
926 1775 985 1838 nisi
1003 1774 1232 1858 sapientissimo
1249 1773 1418 1838 Salomoni

287 1881 467 1957 congruunt
491 1896 527 1938 ea
553 1897 624 1961 quae
647 1873 797 1940 dicuntur
822 1877 847 1958 1,
874 1876 915 1939 16
934 1898 941 1938 :
963 1876 1037 1938 Ecce
1057 1896 1184 1959 moquus
1204 1876 1322 1960 effectus
1346 1897 1418 1939 sum

286 1988 314 2039 et
324 1980 464 2060 praecessi
473 2000 576 2043 omnes
588 1982 738 2064 cupientia
756 1981 810 2064 qui
824 1978 950 2082 (emunt
965 1990 1034 2041 onte
1052 2000 1097 2042 me
1114 1980 1146 2041 iu
1161 1977 1332 2043 tumtum
1351 1979 1365 2064 (
1390 1979 1415 2064 ).

288 2080 326 2142 Et
338 2080 410 2163 Xll,
427 2082 446 2144 9
465 2104 473 2144 r
494 2080 630 2167 Cumque
645 2095 720 2147 esset
733 2085 975 2166 cupientissimus
991 2081 1181 2145 Ecclesiastee
1197 2083 1297 2145 docuit
1309 2103 1418 2165 popu-

288 2170 361 2257 lum,
381 2195 409 2246 et
427 2189 582 2250 coemerit
596 2207 663 2270 quoe
676 2186 788 2269 fecerat
802 2209 811 2246 :
827 2197 855 2248 et
870 2186 1053 2269 inoestiqous
1072 2186 1238 2268 composuit
1252 2183 1418 2268 parobolae
1435 2205 1444 2233 ¹

287 2284 409 2349 multus.
448 2286 527 2367 Quae
561 2287 660 2351 verba
696 2289 842 2371 apprime
877 2286 1070 2350 conveniunt
1104 2305 1178 2349 cum
1208 2285 1245 2349 iis
1274 2305 1347 2371 quae
1375 2283 1418 2349 de

288 2389 442 2471 sapientia
458 2389 636 2453 Salomonis
656 2400 827 2454 narrantur
844 2391 877 2453 in
898 2389 986 2453 libris
1005 2390 1131 2473 Regum
1149 2388 1209 2475 (5).
1227 2387 1293 2452 Nec
1311 2388 1419 2452 obstat

291 2490 324 2552 in
341 2490 528 2554 Ecclesiaste
542 2512 709 2557 occurrere
724 2492 824 2558 verba
842 2490 1007 2558 chaldaica
1020 2500 1051 2555 et
1065 2492 1188 2554 exotica
1203 2512 1274 2576 quar
1289 2499 1419 2555 [etatem

290 2592 375 2655 exilii
390 2592 575 2678 Babylonici
592 2604 646 2657 aut
663 2604 809 2680 tempora
829 2596 1006 2660 recentiora
1022 2615 1133 2678 sapere
1150 2592 1310 2658 videntur.
1332 2594 1419 2658 Nam

290 2693 358 2756 ficri
374 2694 457 2758 bene
480 2698 582 2780 potuit
604 2706 639 2760 ut
655 2718 721 2760 aevo
742 2697 920 2761 Salomonis
944 2698 1005 2761 illae
1020 2697 1207 2779 locutiones,
1231 2697 1420 2780 ceteroquin

290 2818 412 2882 paucae,
430 2800 463 2861 in
478 2820 538 2863 usu
547 2798 618 2884 jam
636 2808 749 2881 essent,
770 2821 843 2864 cum
860 2809 934 2864 tunc
949 2797 1051 2863 Judaei
1067 2798 1224 2863 haberent
1239 2818 1312 2862 cum
1330 2797 1419 2884 Syris

290 2910 321 2963 et
334 2901 403 2964 aliis
415 2901 596 2965 nationibus
610 2905 838 2967 commercium
853 2923 950 2987 quam
966 2902 1129 2987 frequens,
1145 2922 1204 2964 nec
1219 2910 1264 2964 tot
1277 2899 1420 2984 posside-

290 3024 362 3066 mus
378 3003 434 3067 aevi
454 3002 647 3068 Salomonici
663 3013 871 3069 monumenta
885 3003 1037 3067 hebraica
1052 3011 1088 3065 ut
1103 3002 1259 3086 possimus
1271 3022 1419 3086 pronun-

290 3107 370 3169 tiare
392 3107 475 3170 hanc
502 3107 552 3171 vel
581 3107 669 3170 illam
691 3127 804 3171 uocem
828 3106 966 3169 sermoni
990 3103 1141 3168 hebraico
1165 3113 1241 3167 tunc
1264 3102 1419 3168 defuisse.

292 3209 438 3273 Ceterum
466 3211 531 3273 istae
554 3210 742 3292 locutiones,
767 3210 889 3273 etiamsi
913 3217 1038 3292 tempus
1058 3208 1217 3271 recentius
1239 3208 1422 3271 necessario

292 3311 472 3393 innuerent,
498 3311 745 3376 amanuensibus
765 3312 820 3396 qui
838 3311 911 3374 libri
927 3331 1108 3373 sermonem
1131 3318 1260 3393 recepto
1280 3311 1424 3374 sermoni

292 3412 538 3477 accommodare
561 3416 690 3496 vellent,
706 3415 810 3499 potius
833 3410 1009 3476 tribuendae
1033 3412 1149 3494 forent,
1164 3432 1263 3496 quam
1287 3412 1424 3475 aSalo-

292 3535 389 3577 mone
401 3512 482 3577 liber
494 3515 726 3602 abjudicandus
742 3527 852 3581 contra
870 3516 1084 3579 testimonium
1103 3516 1258 3578 universae
1270 3514 1423 3580 traditio-

327 3778 362 3841 (1)
373 3777 425 3828 Cir.
437 3776 507 3828 Bible
518 3779 549 3829 de
559 3780 650 3842 Vence,
662 3780 802 3844 Prtsoceet
810 3779 978 3829 dissertatioe
986 3792 1033 3827 sur
1041 3776 1156 3828 l'Eccle's
1169 3784 1187 3828 t.
1201 3779 1263 3839 vill,
1274 3794 1299 3842 p.
1312 3779 1422 3830 eoa-aaa

293 3871 321 3912 ct
333 3860 449 3911 tao-ssi.
464 3861 510 3911 Ed.
523 3862 642 3914 nuenton.
659 3864 733 3926 177st
746 3863 819 3925 paulo
833 3862 906 3912 aliter
918 3867 1096 3924 argumentum
1109 3862 1229 3925 exprimit
1239 3862 1364 3925 Crampoo
1374 3863 1421 3913 lib.

295 3957 352 4006 sup.
369 3946 411 3993 cit.
427 3950 453 3994 et
465 3944 553 3994 Motais
566 3947 609 4008 qui
624 3958 716 3995 nexum
728 3944 911 3994 sententiarum
920 3943 1030 3994 dilucide
1037 3934 1150 4004 exponit.

328 4025 364 4089 (Ι)
379 4026 414 4075 lix
430 4039 460 4076 eo
473 4028 542 4089 quod
555 4028 618 4077 dicit
634 4040 661 4076 se
676 4025 798 4088 sapientia
814 4026 971 4088 praecessisse
987 4037 1074 4074 omnes
1089 4024 1134 4086 qui
1148 4023 1254 4075 ¹luerunt
1273 4031 1332 4076 ante
1354 4040 1384 4076 se
1400 4028 1426 4075 in

295 4106 441 4167 Jerusalem,
460 4121 619 4171 nequequam
635 4108 752 4170 sequitur
775 4107 932 4156 Salomonem
955 4112 1084 4156 auctorem
1106 4118 1156 4155 non
1179 4119 1235 4156 essa
1254 4106 1423 4161 Ecclesiastis.

293 4186 382 4237 Potuit
395 4190 462 4238 enim
476 4190 593 4240 Salomon
608 4188 733 4252 respicere
744 4201 795 4238 non
810 4189 890 4238 solum
904 4188 935 4239 ad
951 4188 1080 4248 Davidem,
1095 4187 1140 4237 sed
1153 4188 1185 4239 ad
1201 4201 1275 4250 reges
1284 4195 1310 4239 et
1327 4190 1426 4251 priuci-

294 4281 338 4331 pes
352 4269 473 4330 ethnicos,
484 4270 514 4321 ad
526 4271 666 4321 sacerdotes
681 4276 708 4320 et
718 4269 816 4333 jndices
827 4269 871 4332 qui
885 4268 990 4320 fuerunt
1003 4275 1062 4320 ante
1072 4281 1131 4318 eum
1146 4269 1173 4319 in
1183 4270 1331 4320 Jerusalem.

329 4352 364 4413 (5)
376 4349 427 4401 Cir.
439 4351 480 4402 lll
496 4353 557 4419 deq.
568 4350 610 4415 ΙΙΙ,
623 4351 672 4412 125
688 4352 728 4416 lv,
740 4351 832 4412 aneu
845 4351 876 4415 ll,
886 4350 939 4401 ta.
