3166 4958
409 289 484 332 rans
499 289 535 333 11.
556 288 649 331 carus
662 289 698 331 11.
713 288 752 330 nn
763 286 932 331 evsnosmo
947 288 973 332 s.
988 288 1143 333 marnas.
1277 267 1340 332 217

212 387 322 473 Papie
343 387 442 453 verba
465 387 506 453 de
529 389 703 473 Evangelio
726 387 863 451 Matthei
888 397 1045 473 quatenus
1067 389 1180 454 Christi
1200 396 1287 473 gesta
1308 398 1341 452 et

213 510 379 556 sermones
394 492 495 556 refert
504 489 712 575 intelligenda
724 491 786 554 sint
798 499 834 554 ut
847 499 957 574 postea
969 489 1252 556 demonstrabitur.
1266 492 1340 556 Fal·

213 612 285 657 sum
301 600 348 656 est
367 611 465 677 porro
480 593 619 656 alterum
634 589 718 656 illud
731 590 819 676 quod
833 590 957 675 haunt,
974 593 1054 657 alios
1069 594 1179 658 Patres
1196 594 1341 677 exscrip-

212 695 289 759 sisse
308 695 455 781 Papiam,
480 716 556 761 nam
580 696 669 760 nulio
687 692 805 761 iudicio
825 703 948 761 onustat
965 695 1001 759 S.
1027 696 1183 760 Irenaeum
1205 718 1225 759 a
1241 696 1341 780 Papia

212 798 374 883 accepisse
391 797 480 885 quod
494 796 535 863 de
550 799 723 884 Evangelio
741 797 879 863 Matthaei
894 797 1001 863 tradit.
1016 800 1184 864 Pantanus
1200 822 1289 884 vero,
1306 809 1341 865 ut

143 984 145 988 ι
213 902 280 986 ipse
298 902 345 965 De
368 903 476 967 Wette
498 902 639 984 fatetur,
674 899 805 965 aliunde
838 901 982 966 notitiam
1011 902 1175 987 Evangelii
1197 902 1339 967 hebraici

144 1087 147 1090 ἢ
213 1005 248 1068 S.
273 1004 411 1068 Matthaei
434 1004 569 1089 accepit,
595 1024 711 1089 nempe
735 1024 774 1067 ex
797 1004 868 1068 visu
888 1002 1025 1090 alicujus
1048 1002 1166 1069 codicis
1189 1004 1340 1070 hebraice

215 1107 334 1192 scripti,
345 1128 443 1192 quem
455 1107 490 1170 in
500 1105 593 1171 ludia
605 1107 781 1171 invenerat.
794 1104 950 1190 Origenes
960 1105 1001 1171 de
1013 1106 1112 1193 Papia
1122 1107 1231 1190 silens,
1246 1108 1339 1173 unice

213 1212 325 1275 asserit
338 1231 402 1275 sea
421 1209 591 1276 traditione
608 1230 703 1274 suum
719 1210 935 1273 testimonium
951 1218 1131 1274 mutuatum
1143 1230 1222 1273 esse.
1236 1210 1340 1285 Euae-v

213 1312 286 1378 hius
294 1322 408 1378 autem
418 1335 483 1379 non
496 1315 600 1379 solum
612 1313 718 1398 Papiae
730 1312 945 1377 testimonium
955 1312 1066 1397 refert,
1076 1311 1133 1376 sed
1144 1322 1175 1376 et
1184 1312 1337 1395 Pantaeni,

213 1425 310 1502 atque
333 1415 478 1502 Origems
501 1417 600 1482 verba
616 1415 776 1501 producit,
794 1423 825 1479 ct
848 1424 1003 1502 tanquam
1022 1436 1092 1480 rem
1108 1424 1228 1481 certam
1250 1417 1341 1500 ponit

214 1519 398 1583 Misitheum
415 1518 567 1584 hebraice
583 1520 742 1604 scripsisse
759 1517 819 1604 (1).
839 1515 931 1582 Idem
948 1519 1069 1583 faciunt
1088 1516 1120 1582 S.
1142 1519 1339 1603 Epiphanius

215 1630 247 1684 et
262 1622 294 1685 S.
312 1621 536 1707 Hieronymus.
980 1672 983 1677 >

258 1726 289 1789 8.
309 1723 482 1809 Opponunt
497 1722 609 1789 nullibi
626 1745 770 1810 unquam
782 1726 885 1789 visum
903 1724 1091 1790 hebraicum
1107 1723 1187 1789 illud
1202 1723 1340 1788 Matthaei

215 1825 436 1910 Evangelium,
463 1826 585 1890 nullam
614 1827 806 1908 ecclesiam,
831 1827 956 1890 nullum
979 1827 1167 1911 scriptorem
1195 1846 1340 1911 unquam

215 1946 309 1992 usum
324 1947 393 1990 esse
410 1926 474 1992 hoc
487 1927 640 1992 hebraico
656 1936 756 2010 textis,
774 1928 838 1991 imo
856 1928 1032 1992 Ecclesiam
1046 1929 1201 2014 syriacam
1217 1929 1341 1992 versio-

215 2050 291 2095 nem
311 2051 402 2095 suam
423 2052 462 2094 ex
479 2050 583 2116 greco
599 2030 785 2114 coniecisse,
804 2029 891 2116 quod
909 2040 996 2095 oeric
1011 2031 1114 2096 innuit
1128 2032 1186 2116 ipsi
1202 2030 1339 2094 defuisse

215 2138 336 2195 textum
356 2133 567 2197 aramaicum.
585 2133 731 2218 Denique
754 2131 939 2197 Theodorus
960 2133 1060 2197 lector
1078 2133 1240 2197 memorie
1260 2154 1341 2219 pro-

214 2230 296 2299 didit
322 2234 460 2298 Matthaei
486 2235 723 2319 autographum
750 2254 852 2318 grece
875 2243 1041 2298 exaratum
1059 2242 1221 2319 repertum
1244 2234 1341 2297 iuisoe

215 2335 249 2400 in
265 2337 412 2421 sepulcro
428 2336 586 2401 barnabe
597 2336 755 2423 Apostoli.

261 2440 292 2503 9.
310 2438 535 2525 Respondetur
555 2463 563 2503 ε
583 2439 625 2505 ad
648 2439 852 2506 Theodorum
876 2439 963 2528 quod
987 2441 1110 2525 attinet,
1127 2441 1194 2525 ipse
1214 2440 1345 2525 nequa-'

217 2561 316 2626 quam
332 2539 410 2605 dicit
427 2540 515 2627 quod
533 2541 707 2608 adversarii
724 2542 907 2627 affirmant,
926 2541 984 2608 sed
999 2551 1111 2608 narrat
1125 2542 1277 2608 volumen
1296 2540 1341 2611 ibi

216 2652 378 2728 repertum
411 2643 555 2709 codicem
583 2667 650 2709 esse
680 2645 836 2711 fflrnabe
862 2640 1025 2736 rdisypapeu,
1049 2645 1113 2710 hoe
1131 2646 1342 2735 est,‘propria

218 2767 317 2810 manu
330 2747 498 2831 Barnahe,
522 2769 619 2834 quem
631 2749 777 2814 nonnulli
794 2758 958 2814 auctorem
969 2749 1120 2814 versionis
1136 2769 1246 2833 grece
1261 2749 1342 2812 Mat-

146 2894 150 2899 -
217 2847 291 2910 thei
312 2848 444 2932 faciunt,
467 2857 642 2913 exaratum.
667 2849 761 2931 Quod
776 2861 884 2914 autem
907 2851 996 2917 aiunt
1020 2849 1133 2915 nullibi
1155 2850 1257 2914 visum
1275 2870 1343 2914 esse

211 2953 415 3021 ,aramaicum
447 2952 586 3016 Matthaei
610 2961 731 3017 textum
747 3001 757 3037 ,
788 2953 905 3017 falsum
927 2974 995 3017 esse
1018 2962 1105 3038 patet
1128 2958 1168 3016 ex
1189 2975 1227 3017 eo
1252 2950 1340 3038 quod

215 3051 384 3117 Pantaenus
397 3074 471 3117 oum
496 3053 573 3119 vidit
588 3056 621 3118 in
637 3053 727 3119 India
744 3055 792 3141 (2)
807 3064 839 3118 et
854 3054 939 3141 quod
962 3052 1091 3118 iudaeus
1111 3039 1254 3139 quidam,
1278 3074 1341 3118 no-

249 3317 285 3383 (1)
300 3317 397 3382 Queat.
414 3318 562 3369 edideris.
577 3316 675 3370 Potrot
695 3331 736 3384 pr.
752 3323 772 3369 t.
783 3316 858 3380 xxii,
867 3315 925 3370 aii.
940 3317 1066 3382 objicitur
1080 3316 1220 3368 Eusebium
1230 3318 1256 3367 in
1268 3316 1340 3369 esai.

217 3401 258 3461 77,
274 3398 290 3449 Ξ
303 3401 413 3451 dixisse:
432 3417 443 3447 s
456 3400 597 3462 Mattheus,
612 3401 728 3451 hebreus
738 3413 819 3465 quum
830 3406 906 3463 esset,
916 3401 1031 3466 proptia
1040 3400 1252 3466 interpretatione
1263 3401 1342 3465 (aaran

218 3478 311 3545 retesti)
330 3496 391 3534 usus
409 3490 457 3544 est,
477 3482 563 3533 diceus
584 3496 591 3532 ι
613 3482 735 3534 artemio
752 3481 912 3545 abcondita,
930 3490 980 3534 cto.
1003 3500 1014 3530 i
1032 3483 1083 3535 Sed
1099 3484 1148 3534 ista
1166 3485 1241 3535 verba
1258 3486 1343 3547 potius

218 3569 289 3619 uobis
303 3567 394 3618 hient.
411 3566 473 3616 iiam
491 3567 614 3631 proprio,
630 3567 770 3617 domestica
787 3571 872 3618 saiwa
895 3566 981 3627 editio,
1002 3579 1052 3630 qua
1070 3580 1134 3617 usus
1151 3573 1189 3617 est
1212 3566 1343 3617 Matthaeus

218 3651 342 3710 hebreus,
357 3661 473 3711 qaenam
487 3655 535 3708 est,
549 3645 597 3697 uisi
610 3648 688 3698 editio
705 3648 840 3699 hebraica?

252 3731 287 3794 (Ξ)
299 3730 385 3782 Refert
401 3730 525 3781 Eusebius
539 3729 613 3795 (iiist.
633 3730 703 3781 Ecct.
719 3730 749 3791 V,
765 3731 815 3795 iii).
833 3747 843 3776 r
863 3730 1010 3781 Pantaenum
1024 3730 1056 3780 ad
1073 3728 1146 3779 iudos
1167 3740 1247 3790 usque
1264 3741 1342 3790 peue-

218 3822 298 3865 trasse
310 3814 407 3875 ibique,
421 3812 585 3874 Evaugciium
602 3812 721 3873 Matthaei,
733 3813 802 3876 quod
819 3813 955 3863 adveutum
965 3812 1022 3875 cius
1034 3811 1085 3873 jam
1100 3815 1263 3873 prevenerat,
1275 3809 1341 3871 apud

219 3890 340 3960 quosdam
352 3893 445 3944 Christi
455 3893 544 3944 notitia
555 3894 666 3944 imbutos
680 3894 805 3956 reperisse
817 3908 824 3943 t
836 3895 929 3958 quihus
943 3895 1039 3945 scilicet
1054 3891 1258 3950 bartholomeus,
1275 3904 1342 3941 uuus

218 3991 251 4028 ex
259 3976 393 4027 duodecim
403 3974 537 4039 apostolis,
551 3975 622 4037 oiim,
633 3981 662 4025 ut
679 3975 743 4026 tama
755 3982 803 4035 cst,
818 3976 1005 4039 predicaverat,
1015 3983 1040 4025 et
1053 3972 1217 4036 Euangeliou]
1230 3972 1341 4023 Matthei

220 4057 343 4109 hebraicis
364 4057 534 4119 conscriptum
557 4056 649 4107 titteris
674 4059 835 4121 reliquerat:
856 4059 924 4122 quod
949 4058 1053 4122 quidem
1076 4054 1243 4118 sti-predicta
1259 4068 1342 4120 usque

219 4147 334 4203 tempora
347 4146 475 4189 servatum
486 4151 541 4188 esse
552 4144 715 4190 memoratur.
730 4157 741 4187 i
758 4140 870 4190 Rudinus
885 4145 962 4204 atque
974 4139 1140 4201 hieronymus
1156 4137 1260 4187 tradunt
1274 4139 1341 4189 Pau-

221 4230 314 4273 tenum
332 4221 394 4271 iilud
417 4220 580 4282 Evangeiium
600 4221 775 4272 alexandriam
790 4222 921 4283 detulisse,
939 4221 1032 4286 quibus
1047 4233 1098 4271 nou
1111 4219 1249 4270 assentitur
1267 4219 1340 4270 Nice·

221 4304 315 4367 phone
326 4304 418 4355 docens
431 4303 506 4354 verba
518 4302 618 4356 boemii
633 4305 680 4355 boc
695 4311 795 4356 tantum
807 4304 854 4357 sibi
867 4305 939 4367 sebe,
951 4304 1080 4369 exemplar
1093 4304 1156 4355 iliud
1167 4302 1341 4355 bartholomei
