3142 4964
487 323 562 364 anns
574 324 597 365 r.
612 322 706 365 csrur
716 325 739 366 1.
758 323 796 366 nu
808 325 1031 369 rnnrsrsucno.
1288 309 1330 372 lt

201 424 293 486 nulla
309 425 390 486 inter
405 422 510 485 varias
523 423 705 506 linguarum
718 422 856 491 familias
872 425 1027 489 connexio
1047 426 1091 491 ab
1106 426 1238 491 eruditis
1250 449 1328 492 con-

201 528 390 611 spiceretur,
407 545 502 589 nemo
519 524 634 588 exinde
648 524 840 591 concludere
853 537 958 612 posset
975 531 1192 595 narrationem
1207 535 1328 597 mosai-

201 648 274 692 cam
292 649 358 692 esse
375 627 502 690 falsam.
517 627 598 690 Nam
610 628 755 691 confusio
768 628 950 712 linguarum
966 630 1060 693 aDeo
1074 633 1217 717 profecta
1231 643 1328 698 natu-
1433 639 1437 646 '

199 731 261 794 rali
281 731 491 814 explicatione
509 750 573 792 non
586 727 717 813 indiget,
736 750 810 793 cum
825 732 864 793 sit
875 751 955 815 opus
973 733 1212 798 miraculosum.
1229 737 1328 821 Igitur

200 834 323 897 etiamsi
340 834 425 897 illius
442 832 517 896 facti
534 833 622 894 nulla
637 834 790 896 naturalis
805 834 974 918 explicatio
989 833 1097 899 danda
1110 837 1204 921 foret,
1213 837 1327 902 exinde

199 957 265 999 non
277 946 464 1021 sequeretur
477 934 698 998 confusionem
711 935 892 1019 linguarum
903 936 936 998 in
949 939 1108 1002 erectione
1121 941 1216 1004 turris
1228 940 1329 1004 Babe

200 1039 270 1101 licre
294 1038 412 1102 factam
436 1058 505 1100 non
525 1036 633 1100 fuisse.
656 1036 688 1098 Si
711 1047 818 1100 autem
842 1036 985 1101 confusio
1010 1038 1092 1101 facta
1116 1040 1223 1124 fuerit,
1248 1043 1327 1105 nihil

200 1142 322 1205 habent
341 1106 515 1204 adveri'a‘iii
535 1160 598 1224 quo
617 1140 806 1225 impugnent
826 1140 980 1203 unitatem
996 1143 1137 1226 primaevi
1158 1145 1323 1209 sermonis.

245 1247 298 1308 76.
326 1244 399 1327 Otj.
426 1244 470 1306 4⁰.
497 1243 642 1306 Historiae
665 1243 762 1327 Moysi
786 1242 1008 1307 contradicunt
1031 1247 1174 1329 annales,
1200 1247 1274 1312 libri
1296 1258 1327 1311 et

200 1349 439 1413 ohservationes
450 1345 669 1409 astronomicae
681 1347 824 1429 gentium
838 1346 1142 1432 antiquissimarum,
1160 1350 1328 1435 AEgyptio-

198 1472 284 1533 rum,
303 1448 537 1529 Chaldaeorum,
558 1447 737 1510 Sinensium
752 1458 783 1510 et
800 1447 965 1513 Indorum.
982 1449 1065 1535 Ergo
1081 1449 1205 1514 admitti
1218 1440 1328 1537 nequit

199 1556 341 1618 narratio
350 1553 501 1615 mosaica.

243 1658 296 1719 77.
323 1658 414 1741 Resp.
441 1654 669 1718 Testimonium
693 1655 789 1738 Moysi
812 1655 960 1719 omnibus
978 1657 1174 1721 certitudinis
1196 1659 1328 1722 criteriis
1395 1612 1531 1763 osii.)

198 1761 342 1842 fulcitur,
368 1757 447 1821 fides
469 1757 564 1841 igitur
584 1757 642 1839 ipsi
660 1755 850 1840 deneganda
871 1779 935 1821 non
956 1769 1014 1840 est,
1038 1760 1159 1823 etiamsi
1180 1760 1234 1823 alii
1254 1760 1326 1824 libri
1378 1772 1478 1826 ‘tat-

199 1862 369 1926 videantur
393 1858 520 1923 tradere
537 1861 706 1922 contraria.
731 1859 872 1923 Annales
892 1869 999 1924 autem
1019 1872 1051 1925 et
1074 1861 1147 1926 libri
1170 1864 1325 1948 gentium,
1345 1840 1371 1932 ό]

200 1988 282 2051 quas
298 1965 515 2028 Pentateucho
536 1960 692 2026 increduli
706 1974 935 2047 opposuerunt,
953 1966 1070 2049 partim
1087 1966 1231 2041 fabulosi,
1240 1977 1324 2048 sunt,

199 2071 318 2154 partim
333 2070 400 2131 veri
417 2092 425 2150 3
447 2066 503 2131 ubi
521 2086 596 2129 vcra
609 2064 750 2148 tradunt,
769 2064 881 2129 nullibi
894 2068 991 2152 Moysi
1008 2078 1225 2153 opponuntur,
1239 2068 1326 2154 quod

199 2173 314 2236 melius
330 2170 433 2235 edocti
456 2170 564 2254 plures
582 2168 677 2254 hujus
697 2169 795 2232 etatis
818 2167 932 2232 eruditi
954 2171 1013 2233 viri
1031 2172 1199 2255 perspicue
1217 2182 1326 2236 osten-

199 2273 328 2336 derunt.

244 2377 296 2439 78.
315 2375 415 2438 Porro
434 2373 519 2460 quod
545 2375 656 2438 attinet
674 2374 856 2437 fabulosam
877 2376 1098 2460 antiquitatem
1122 2379 1274 2463 AEgyptiis
1296 2389 1327 2443 et

198 2477 355 2543 Chaldaeis
369 2478 522 2541 tributam
535 2499 554 2539 a
567 2477 697 2557 Beroso,
712 2478 915 2560 Manethonc,
934 2477 1117 2542 Alexandro
1134 2481 1327 2566 polyhistore

199 2590 231 2644 et
248 2582 330 2662 aliis,
349 2601 420 2668 eam
430 2578 558 2665 jamdiu
576 2578 694 2643 detexit
706 2580 860 2644 Eusebius
877 2581 909 2642 in
922 2583 1027 2664 primo
1044 2603 1176 2646 suorum
1192 2582 1328 2647 Chroni-

195 2705 303 2761 ¹storum
326 2684 435 2765 libro,
476 2684 520 2745 sic
543 2670 693 2765 praefatus
719 2705 726 2744 :
755 2707 769 2739 κ
801 2683 971 2765 Complura
998 2685 1161 2748 volumina
1185 2694 1329 2750 veterum

200 2788 406 2851 historiarum
422 2786 555 2870 perlegi,
571 2787 636 2847 sive
653 2805 723 2869 quae
736 2784 821 2869 apud
839 2784 1015 2868 Chaldaeos,
1031 2787 1237 2872 Assyriosque
1250 2810 1329 2852 nar-

201 2900 324 2970 rantur,
344 2884 414 2952 'sive
437 2910 517 2974 quas
541 2890 662 2951 minute
686 2889 823 2973 AEgyptii
848 2890 1073 2973 praescribunt,
1098 2892 1164 2955 sive
1188 2889 1327 2976 denique

200 3013 280 3077 ‹yuas
302 2992 401 3057 Graeci
425 2992 609 3055 referunt...
635 2991 734 3054 Porro
758 3002 789 3055 ct
807 2994 1027 3077 AEgyptiorum
1048 2994 1155 3056 multae
1179 2993 1326 3057 feruntur

199 3097 318 3159 insanae
331 3096 478 3176 historiae,
493 3097 633 3179 itemque
648 3093 884 3158 Chaldaeomm.
899 3097 938 3158 Et
954 3094 1084 3180 quidem
1098 3096 1129 3158 hi
1142 3097 1324 3180 plusquam

199 3198 409 3283 quadraginta
435 3219 593 3261 annorum
617 3197 775 3281 myriades
800 3197 996 3283 temporibus
1018 3199 1082 3261 suis
1106 3198 1267 3262 continere
1291 3221 1324 3263 se

198 3311 325 3385 putant3
338 3285 476 3385 'AEgyprti
493 3311 600 3364 autem
613 3299 760 3382 deorum,
779 3300 1007 3383 semideorum,
1021 3311 1239 3387 praetereaque
1251 3322 1322 3365 ma-

197 3408 299 3489 nium,
314 3416 344 3470 et
361 3405 546 3470 mortalium
561 3405 697 3468 aliorum
714 3425 827 3489 regum
846 3407 961 3470 multas
977 3403 1180 3470 delirantium
1195 3405 1322 3468 fabulas

198 3520 327 3573 nectunt
351 3509 410 3594 (1).
440 3483 628 3598 ›tfftlanetho
659 3506 790 3594 quidem
825 3511 941 3574 multas
965 3530 1076 3595 regum
1101 3512 1320 3596 AEgyptiornnr

197 3610 355 3696 dynastias
367 3612 466 3676 refert
478 3633 549 3697 quae
564 3612 589 3673 si
603 3633 640 3675 ex
657 3609 769 3675 ordine
781 3613 840 3674 sihi
854 3615 1072 3696 successerint,
1087 3613 1247 3698 antiquior
1263 3613 1323 3675 erit

197 3715 282 3778 natio
296 3716 479 3799 AEgyptiaca
497 3736 594 3799 quam
608 3715 671 3797 pati
694 3713 836 3777 videntur
850 3716 965 3777 limites
977 3715 1190 3800 chronologiae
1203 3716 1321 3776 mosai-

227 3940 263 4001 (l)
275 3938 408 3996 Eusebius
419 3938 540 3987 curante.
550 3937 567 3986 Ι.
581 3937 600 3996 1,
605 3950 712 4000 prooenr.
725 3949 765 3998 ap.
780 3936 862 3997 Migne
873 3934 973 3985 Putrol.
983 3950 1024 3999 pr.
1037 3942 1056 3985 t.
1069 3934 1132 3996 lllll,
1142 3937 1189 3985 col.
1203 3938 1318 3989 tot-105.

194 4020 245 4069 Cl'r.
258 4019 391 4088 Iosephus,
400 4020 528 4084 antiquit.
541 4020 556 4069 Ι.
571 4018 591 4079 l,
603 4033 626 4068 c.
637 4017 669 4067 lll
680 4018 723 4081 qui
738 4017 817 4066 refert
832 4016 972 4078 fragmenta
988 4016 1072 4066 Bemsi
1083 4022 1109 4067 et
1120 4016 1213 4068 Nicolai
1228 4019 1319 4070 nama-

192 4100 330 4151 scenicum
343 4101 445 4150 historin
459 4100 584 4151 Geneseos
592 4099 775 4151 concordantia.
789 4098 972 4160 Antiquitatem
984 4098 1175 4160 Babyloniorum
1187 4105 1214 4148 et
1224 4100 1320 4164 AEgyp-

193 4184 288 4233 tiorum
303 4182 408 4233 irrident
424 4183 522 4243 Cicero,
539 4183 575 4234 Da
591 4182 694 4233 divinit.
708 4182 725 4232 l.
740 4181 761 4241 1,
775 4180 814 4241 16ς
830 4180 972 4231 Herodotus
988 4180 1008 4241 l,
1024 4182 1064 4243 113
1079 4181 1203 4231 Diodorus
1218 4182 1320 4234 Siculus

193 4265 213 4326 l,
227 4266 251 4327 13
264 4265 291 4315 S.
305 4264 475 4328 Augustinus,
493 4268 528 4318 lle
539 4268 588 4317 cio.
601 4266 656 4327 Dei,
669 4267 686 4315 Ι.
705 4262 789 4323 xvtlt‚
806 4262 847 4311 to.
862 4263 916 4314 Vid.
935 4262 1096 4326 hibernans,
1113 4261 1227 4314 Institnt.
1242 4265 1318 4315 theol.

194 4353 213 4395 t.
226 4346 245 4408 Ι,
257 4361 282 4409 p.
293 4346 414 4399 mnan.
431 4350 477 4400 Ed.
491 4351 551 4400 Lon.
567 4350 638 4401 1852.

1152 4433 1183 4495 5.
