3132 4964
406 312 484 357 rrae
497 313 521 356 u
539 313 633 359 carun
644 315 721 359 un.
739 315 776 371 nr
788 315 963 359 rrornrrns
975 314 1128 360 mertun.
1271 289 1356 377 1652?

525 640 530 645 .
607 554 773 635 dauht
797 556 922 634 xtttt.

515 807 553 850 nr
576 807 772 851 eaoronrrns
794 808 936 850 amenum.
959 785 1018 874 (l).

217 1072 220 1075 ,
252 1004 283 1069 l.
306 1000 452 1066 leremiae
472 1021 596 1065 cooevus
611 1002 743 1091 ipsoque
759 1022 874 1086 parum
892 1000 1003 1087 junior
1025 1003 1170 1068 Ezechiel
1187 997 1328 1107 (Supina),

162 1164 164 1167 -
203 1125 286 1189 Buri
298 1121 468 1188 sacerdotis
479 1121 573 1206 lilim,
585 1123 729 1207 captivus
741 1123 774 1185 in
785 1122 994 1208 Babyloniam
1006 1144 1080 1188 cum
1092 1145 1168 1209 rege
1176 1096 1331 1193 lechoiiia
1346 1114 1461 1239 (rtffl

202 1236 240 1290 et
255 1224 369 1291 docem
383 1223 568 1291 tudanum
583 1224 724 1288 millibus
739 1223 896 1291 abductus
910 1225 981 1308 fuit,
996 1247 1080 1290 anno
1097 1236 1170 1291 ante
1187 1231 1331 1295 eversio·
1456 1280 1460 1286 .

200 1350 282 1394 nem
305 1328 393 1392 urbis
415 1326 598 1411 undecimo.
625 1327 825 1391 Matrimonia
844 1326 977 1412 junctus
999 1326 1198 1395 domicilium
1218 1331 1331 1397 habuit
1361 1316 1395 1380 θ’
1403 1309 1467 1415 Ῐὲί
1481 1310 1566 1389 ‘7

192 1431 296 1517 juxta
307 1429 426 1498 flumen
441 1428 580 1512 Chobar,
595 1426 695 1514 quod,
704 1429 834 1513 irrigata
849 1430 1089 1515 Mesopotamia,
1102 1433 1134 1495 in
1147 1433 1330 1518 Euphraten
1419 1444 1429 1493 ,²

202 1532 360 1596 aarum
382 1533 423 1617 (1,
448 1530 487 1613 ³3
513 1531 599 1615 uu,
626 1531 669 1615 13
693 1531 810 1614 xxiv,
846 1506 1032 1698 roffio
1054 1555 1120 1597 suo
1143 1536 1331 1620 capitones
1363 1514 1479 1647 sd)

205 1636 331 1722 quinto,
348 1643 442 1699 ‚sexto
465 1642 538 1697 ante
562 1654 706 1698 eversam
728 1633 853 1717 urbem,
879 1634 957 1700 Ezeo
981 1636 1034 1718 iel,
1059 1656 1160 1722 quum
1183 1636 1226 1702 ad
1247 1639 1331 1725 ripas
1359 1648 1485 1723 ’θ’

209 1740 300 1805 fluvii
315 1738 441 1819 Chobar
451 1735 594 1822 degeret,
613 1737 734 1801 coelitus
752 1749 881 1802 vocatus
898 1739 958 1807 tuit
975 1737 1018 1803 ad
1033 1760 1151 1805 munus
1166 1742 1331 1827 propheti·

210 1863 299 1924 curn,
316 1863 380 1927 quo
396 1861 530 1907 munere
547 1838 673 1905 functus
688 1848 735 1903 est
750 1861 850 1925 usque
865 1840 908 1905 ad
925 1862 1046 1906 annum
1059 1844 1100 1909 27
1116 1864 1179 1908 suae
1195 1782 1444 1986 captivi-(522)

210 1947 294 2028 tatis,
308 1967 369 2016 ,seu
384 1964 506 2017 annum
527 1944 568 2007 16
588 1952 660 2028 post
675 1945 803 2007 ruinam
822 1943 911 2008 urbis
931 1953 961 2008 et
981 1946 1091 2030 templi
1107 1947 1238 2032 (XXIX,
1261 1947 1328 2032 17).

211 2045 297 2128 Quid
316 2056 425 2131 postea
445 2046 557 2111 lecerit
579 2044 735 2127 Ezechiel,
761 2054 792 2108 et
815 2065 957 2130 quonam
980 2067 1066 2110 anno
1089 2046 1215 2130 obierit,
1242 2047 1330 2112 nullo

212 2158 418 2235 monmnento
438 2146 600 2234 proditum
617 2156 675 2210 est.
696 2146 837 2231 Antiqua
855 2147 918 2210 fert
934 2145 1061 2211 traditio
1078 2149 1219 2212 occisum
1235 2147 1330 2213 fuisse

211 2250 389 2337 aquodam
405 2248 516 2317 Judaeo
534 2248 625 2335 cujus
645 2246 859 2313 idololatriam
876 2248 1137 2335 reprehenderat.
1162 2251 1333 2314 Enechielis

210 2356 365 2421 memoria
388 2355 502 2419 colitur
516 2355 550 2417 in
568 2353 791 2437 Martyrologio
811 2353 970 2437 Romano,
986 2351 1029 2416 ad
1048 2362 1198 2439 quartum
1214 2351 1331 2416 Iduum
1448 2370 1450 2375 ’

209 2457 238 2523 A
261 2456 367 2522 rilis.)

238 2479 285 2634 [P.
311 2561 544 2644 Arpomeotom.
578 2557 756 2644 Prophetiae
772 2558 950 2647 ,Ezechielis
972 2560 1084 2645 sapius
1105 2559 1279 2625 visionibus
1302 2569 1334 2623 et
1391 2550 1413 2621 l
1431 2522 1506 2608 Tg)

209 2662 386 2731 actionibus
399 2660 580 2747 symbolicis
592 2662 825 2747 exprimuntur3
841 2683 940 2749 quare
953 2661 1051 2727 densa
1063 2663 1176 2748 saepius
1186 2662 1333 2779 ΙεὼἯῃῐ

209 2767 412 2835 obscuritate.
430 2767 529 2830 Recte
541 2773 649 2828 autem
661 2765 694 2828 in
707 2773 771 2828 tres
782 2774 889 2849 partes
900 2764 1049 2850 distingui
1066 2774 1207 2849 possunt.
1224 2765 1331 2829 Prima

209 2890 284 2954 pars
298 2867 462 2953 (l-xttJV)
477 2869 618 2951 continet
640 2867 788 2931 vaticinia
812 2865 853 2930 ad
868 2866 995 2931 Judoeos
1010 2865 1132 2931 directa
1147 2876 1220 2963 anm
1236 2864 1331 2931 deso·
1363 2858 1379 2903 A

135 3050 143 3059 Ι
210 2971 361 3055 lationem
385 2967 497 3047 urbis!
519 2968 632 3031 Statim
656 2977 763 3032 autem
785 2969 818 3032 in
847 2969 956 3032 limine
979 2977 1112 3033 vocatur
1135 2968 1279 3032 Ezechiel
1301 2977 1333 3031 et

210 3072 370 3156 Propheta
380 3071 515 3134 mittitur
526 3068 568 3133 ad
580 3068 707 3133 Judaeos
720 3071 752 3133 in
769 3070 823 3132 illa
835 3070 943 3154 glorie
959 3069 1016 3132 Ilei
1028 3068 1159 3150 visione,
1179 3089 1242 3153 qua
1255 3065 1332 3132 vidit

210 3183 348 3259 quatuor
364 3171 515 3237 animalia
535 3169 752 3257 quadruplicis
770 3171 875 3253 faciei,
898 3189 1036 3256 quorum
1054 3168 1209 3254 capitibus
1225 3169 1333 3232 immi·
1363 3227 1367 3234 .

210 3275 307 3339 nebat
321 3275 455 3338 thronus
468 3294 649 3356 coruscans,
671 3283 700 3336 et
716 3275 749 3336 in
761 3272 867 3338 medio
880 3274 987 3337 throni
1001 3271 1173 3336 similitudo
1195 3272 1333 3336 hominis

209 3379 281 3443 luce
296 3376 429 3461 perfusi.
447 3375 607 3459 Propheta
620 3397 640 3439 a
652 3378 717 3440 Deo
731 3378 844 3439 missus
856 3374 973 3439 Judaeis
986 3396 1059 3439 suas
1070 3374 1244 3461 exprobrat
1255 3370 1334 3460 prae-

210 3478 430 3559 varicationes‚
456 3478 630 3562 praesertim
652 3499 728 3543 vero
751 3477 989 3561 idololatriam,
1014 3478 1047 3541 in
1081 3475 1171 3563 cujus
1205 3499 1333 3563 poenam

208 3581 439 3666 lerosolymam
451 3601 527 3644 mox
539 3579 760 3664 desolandam,
781 3591 811 3645 et
829 3580 956 3646 ludaeos
973 3582 1055 3644 inter
1067 3610 1069 3614 ’
1075 3589 1184 3665 gentes
1205 3578 1332 3665 disper-

209 3681 329 3768 gendos
348 3703 415 3746 esse
431 3668 583 3767 praedicit.
603 3685 668 3747 Nec
685 3693 810 3747 tantum
828 3682 970 3768 praedicit
985 3683 1145 3768 Propheta
1161 3684 1256 3746 variis
1272 3682 1331 3745 sub

210 3786 316 3870 liguris
330 3785 533 3870 lerosolymae
549 3784 742 3850 habitatores
756 3787 789 3849 in
803 3785 1011 3870 Babyloniam
1024 3805 1091 3847 esse
1102 3781 1329 3867 deportandos,

210 3886 267 3952 sed
282 3886 372 3951 addit
390 3907 511 3972 regem,
531 3897 682 3974 perrupto
700 3888 788 3952 urbis
805 3909 910 3971 muro,
929 3896 1021 3950 noete
1045 3885 1155 3969 fugam
1178 3906 1330 3969 capessu-

203 3991 353 4073 ¹rum,.in
374 3990 437 4054 hac
459 3991 536 4076 luga
558 4013 577 4053 a
599 3990 753 4055 Chaldaeis
777 3988 968 4076 capiendum
988 3985 1278 4073 abducendumque
1297 3987 1330 4051 in

243 4252 279 4316 (tt
290 4252 343 4304 Otr.
356 4253 531 4323 hieronymus,
545 4233 685 4304 Commeat.
699 4253 727 4302 io
738 4252 842 4313 Ezeet.;
854 4249 1022 4314 vilalpandus,
1033 4250 1173 4302 Commeat.
1185 4251 1213 4301 tn
1227 4249 1330 4310 Ezech.,·

212 4338 238 4384 et
250 4333 388 4398 generatim
398 4335 603 4386 Introductioues
614 4336 642 4385 to
655 4334 682 4386 S.
701 4334 797 4399 script.
