3142 4964
256 312 296 374 tt
484 328 684 372 rnrnoooorro
701 328 847 371 oresiesis
864 329 896 371 rr
912 330 938 372 s.
957 328 1157 372 scararum.

253 448 309 493 ce.
325 427 389 493 Sed
401 427 570 513 probabile
586 437 643 511 est,
658 426 746 514 quod
754 427 825 512 jam
838 426 1021 512 conjecerat
1034 426 1188 490 Eusebius
1200 427 1260 512 (l),
1274 430 1385 512 plures

254 554 293 597 ex
317 534 378 597 illis
402 531 552 617 dynastiis
574 541 750 596 coaetaneus
774 551 842 595 csse
865 532 909 594 ita
931 541 967 594 ut
988 529 1068 593 dum
1090 550 1156 593 una
1178 540 1326 616 regnaret
1349 533 1385 595 in

254 637 401 721 AEgyptio
412 636 576 716 inferiore,
588 636 689 698 altere
701 637 734 698 in
744 636 875 718 regione
886 634 1091 719 Memphitica
1103 644 1134 697 et
1145 635 1238 697 tertia
1248 634 1383 698 fortasse

255 740 288 802 in
304 736 466 802 Thebaide
486 720 724 820 dominaretuH

299 828 576 946 taphniticarum
595 841 764 904 voluerunt
788 861 951 925 opponere
972 841 1061 904 libris
1081 842 1179 927 Moysi
1200 843 1384 926 inscriptio-

255 964 311 1007 nes
334 964 413 1028 quas
436 944 690 1027 hieroglyphicas
716 953 842 1006 vocant.
864 941 927 1006 Sed
948 941 1121 1006 doctissimi
1145 943 1381 1029 Champollion,

255 1047 437 1129 Rossellini‚
452 1048 499 1110 De
515 1047 629 1131 Rouge
647 1048 757 1129 etalii,
776 1045 983 1110 ostenderunt
998 1067 1037 1108 ex
1049 1047 1114 1110 istis
1127 1048 1385 1132 inscriptionibus

258 1152 354 1234 plane
378 1151 560 1214 confirmari
585 1172 622 1213 ea
646 1171 717 1235 quae
741 1150 814 1213 libri
839 1152 921 1214 sacri
943 1149 1072 1213 tradunt
1096 1152 1180 1214 circa
1204 1152 1381 1235 AEgyptios,

260 1264 291 1316 et
318 1256 492 1339 presertim
522 1255 606 1317 cirea
633 1255 917 1318 commorationem
941 1253 1156 1318 Israelitarum
1179 1255 1212 1318 in
1235 1245 1401 1351 AEgyptffi

260 1357 486 1441 Opposuerunt
498 1358 593 1420 etiam
605 1356 762 1421 increduli
776 1357 915 1420 famosos
924 1355 1077 1420 Zodiacos
1086 1356 1241 1420 Denderae
1253 1367 1284 1420 et
1294 1359 1384 1420 Esne

258 1462 291 1522 in
315 1460 451 1545 AEgypto
471 1461 626 1540 inventos,
645 1459 722 1524 dum
746 1459 911 1524 Gallorum
936 1461 1091 1523 exercitus
1113 1461 1197 1523 hanc
1220 1462 1384 1545 regionem

259 1562 448 1645 occupabat.
480 1562 689 1627 Astronomus
713 1564 834 1647 Dupnis
856 1563 1089 1648 antiquitatem*
1110 1563 1220 1648 viginti
1242 1565 1384 1648 quinque

260 1663 397 1727 millium
418 1684 577 1729 annorum
600 1667 644 1728 eis
663 1665 835 1729 tribuebat.
853 1664 916 1728 Sed
932 1666 1021 1729 Testa
1039 1675 1071 1728 et
1087 1666 1228 1730 Visconti
1245 1663 1384 1731 demon-

260 1773 400 1828 strarunt
413 1767 487 1828 istos
503 1764 667 1848 Zodiacos‚
688 1767 773 1830 circa
784 1775 930 1850 tempora
949 1765 1082 1830 Adriani
1097 1767 1297 1851 imperatoris
1313 1789 1386 1831 con-

261 1868 373 1950 i'eotos,
387 1867 540 1932 Zodiacos
553 1890 620 1932 esse
637 1871 842 1954 astrologicos
857 1871 922 1933 sive
940 1871 1080 1933 amuleta
1092 1871 1305 1954 superstitiosa
1322 1872 1382 1955 (2).

105 1939 167 2075 ὃ
189 1940 289 2052 with.
304 1956 518 2065 dezhnuales
536 1971 666 2057 quidem
682 1973 862 2071 sinensium
880 1974 1054 2037 maximam
1071 1975 1146 2037 huic
1168 1975 1287 2058 populo
1312 1977 1386 2037 vin-

262 2074 370 2139 dicant
394 2076 637 2160 antiquitatem,
667 2076 723 2140 sed
748 2099 767 2139 a
790 2075 985 2141 doctioribus
1013 2076 1109 2141 hodie
1133 2079 1236 2161 prima
1260 2079 1386 2162 imperii

257 2179 398 2243 Sinensis
421 2180 510 2244 initia
536 2189 734 2265 reponuntur
755 2183 840 2244 circa
864 2179 1006 2245 medium
1032 2180 1137 2244 saeculi
1161 2178 1292 2244 secundi
1316 2191 1387 2264 post

261 2281 416 2345 diluvium
434 2267 506 2388 (5)]
515 2282 668 2347 ludorum
692 2284 910 2367 antiquissima
932 2293 1012 2347 esset
1029 2283 1204 2362 existentia,
1226 2283 1251 2345 si
1270 2302 1386 2345 narra·
1460 2339 1465 2345 .

294 2546 328 2609 (l)
343 2563 353 2591 a
368 2545 542 2608 Reputaudmn
557 2544 643 2593 sedulo
662 2551 699 2594 est
718 2546 803 2607 plures
818 2546 922 2594 tortasse
940 2544 1115 2607 AEgyptiorum
1133 2555 1206 2607 reges
1223 2557 1272 2594 una
1287 2543 1387 2594 eodem-

260 2642 310 2690 que
330 2635 404 2678 aetate
428 2627 564 2678 extitisse:
593 2639 701 2689 utrmque
721 2635 748 2676 et
766 2627 886 2689 Thynitas
903 2626 1046 2689 regnavisse
1060 2626 1131 2676 aiunt
1151 2631 1177 2675 et
1194 2624 1342 2687 Memphites
1359 2631 1387 2675 et

261 2710 341 2760 Saites
354 2717 380 2760 et
391 2709 522 2771 AEthiopes
531 2709 671 2771 mdemque
687 2716 802 2771 tempore
816 2708 918 2758 alios...
932 2709 965 2758 ita
978 2715 1006 2758 ut
1018 2709 1084 2758 haud
1098 2708 1192 2771 singuli
1203 2719 1276 2772 reges
1284 2718 1386 2761 suove&

260 2794 336 2842 rivam
352 2798 501 2854 potestatem
512 2791 661 2854 acceperint,
673 2791 846 2841 sedatiusalio
857 2792 911 2841 loco
922 2792 1010 2842 eadem
1028 2799 1102 2841 aetate
1114 2792 1265 2855 regnaverit.
1278 2807 1289 2838 s
1301 2790 1386 2841 Chro-

259 2877 337 2925 nicon
353 2874 371 2935 l,
390 2874 442 2932 llll,
460 2874 485 2924 ὅ.
512 2887 552 2936 ap.
572 2873 675 2935 digne,
695 2874 791 2924 Potrol.
814 2888 854 2938 pr.
877 2874 949 2932 xlx,
976 2875 1032 2923 185.
1056 2874 1172 2924 Concinit
1189 2872 1303 2923 ldariette
1319 2873 1385 2932 apud

259 2958 402 3019 Sohouppe‚
421 2956 521 3006 Cursus
533 2955 629 3019 Script.
646 2955 666 3016 1,
679 2955 799 3005 tot-167.
815 2957 1035 3017 presedissem.

293 3036 328 3100 (Ξ)
342 3037 398 3087 Vid.
415 3036 550 3095 Wiseman‚
570 3036 622 3086 lib.
642 3039 694 3093 cit,
711 3039 737 3087 8²
753 3037 814 3086 disc.

291 3120 326 3182 (ὅ)
341 3119 415 3169 Selou
433 3118 550 3180 ltlaproth
564 3118 587 3168 le
603 3120 659 3180 plus
673 3120 761 3169 ancien
778 3120 899 3170 historien
914 3121 945 3170 do
961 3121 982 3170 la
998 3121 1079 3171 Chiae
1093 3119 1133 3168 lut
1150 3131 1195 3168 son
1213 3117 1312 3167 celebre
1327 3115 1385 3173 pbi-
1422 3107 1427 3114 ’

257 3202 360 3264 tosoptre
373 3208 400 3251 et
411 3203 537 3252 momtiste
549 3201 694 3252 Coriueius.
709 3200 747 3252 On
764 3203 803 3252 dit
814 3203 899 3264 qu'ila
913 3203 982 3253 trace
999 3204 1035 3253 les
1046 3202 1148 3252 aunabs
1160 3203 1192 3251 de
1206 3214 1252 3250 son
1265 3211 1326 3261 pays
1339 3199 1383 3260 qui

255 3293 313 3335 sont
327 3297 440 3334 mounes
456 3297 516 3334 sous
526 3284 550 3333 le
566 3298 626 3334 nom
646 3285 677 3334 de
696 3284 824 3347 Cho-king
837 3285 928 3346 depuis
942 3286 966 3334 le
978 3290 1060 3347 temps
1073 3284 1148 3334 d’Yao
1156 3282 1258 3346 iusqu'e
1269 3282 1385 3345 l'epoque

259 3370 293 3417 oir
303 3367 346 3416 ila
360 3366 431 3415 vecu.
445 3364 483 3414 On
495 3379 604 3429 suppose
616 3379 666 3429 que
682 3366 818 3416 Confucius
833 3367 906 3417 vivait
917 3368 933 3416 t
944 3380 977 3416 ou
990 3366 1038 3416 500
1048 3380 1093 3417 ans
1106 3370 1181 3416 avant
1194 3366 1215 3414 l.
1233 3363 1273 3426 C„
1284 3371 1312 3414 et
1324 3363 1386 3412 l’ere

258 3453 290 3500 de
309 3449 359 3498 l'ao
377 3455 416 3498 est
435 3448 519 3510 placee
534 3447 599 3498 “2557
616 3460 660 3497 ans
676 3454 750 3498 avant
764 3448 786 3519 ta
799 3448 882 3498 meme
901 3449 1008 3511 epoque.
1022 3448 1093 3498 hinsi
1110 3448 1183 3506 dono,
1199 3448 1255 3510 plus
1269 3446 1302 3496 de
1318 3446 1385 3496 deux

258 3532 327 3581 mille
336 3543 381 3579 ans
392 3530 508 3593 separent
519 3532 543 3580 le
555 3531 664 3592 premier
676 3531 797 3581 historie-n
812 3532 856 3581 des
867 3531 989 3593 premiere
1005 3530 1165 3581 evenements
1183 3529 1244 3593 qn'il
1258 3533 1384 3591 rapporte.

257 3614 318 3663 Mais
338 3620 405 3663 oette
419 3611 554 3675 antiquite,
570 3612 682 3676 quelque
699 3613 799 3670 reculee
815 3611 908 3675 ou'etle
930 3610 977 3673 lut,
1001 3624 1033 3662 ne
1056 3610 1198 3662 satisfaisait
1213 3622 1257 3671 pus
1271 3609 1386 3672 l‘orgueil

256 3697 301 3746 des
313 3695 434 3755 Chinois;
454 3696 498 3745 des
512 3695 645 3744 botonem
662 3695 718 3757 ptus
733 3697 830 3745 recents
843 3703 887 3744 ont
906 3695 973 3745 trace
990 3695 1100 3745 d'autres
1123 3693 1214 3755 regnes
1230 3698 1303 3742 avant
1319 3690 1386 3740 celui

256 3778 359 3835 delam,
372 3784 399 3828 et
412 3778 448 3827 les
461 3783 506 3826 ont
518 3776 564 3826 fait
576 3783 705 3827 remonter
714 3777 814 3840 iusqu'a
826 3778 847 3827 la
860 3777 992 3827 venerante
1011 3775 1136 3839 antiquite
1154 3776 1186 3825 de
1200 3774 1263 3824 trois
1275 3771 1384 3823 milliens

258 3858 309 3908 276
318 3859 387 3910 mille
404 3872 449 3908 ans
458 3866 532 3908 avant
540 3858 604 3907 J.-C.
617 3858 673 3907 attin
684 3870 735 3921 que
747 3871 808 3909 vous
820 3860 928 3921 puissiez
938 3859 1068 3922 apprecier
1081 3859 1137 3920 plus
1152 3861 1310 3907 exactement
1319 3855 1384 3905 l’au-

258 3941 391 3991 theuticite
400 3941 446 3991 des
455 3941 556 3990 annales
570 3940 710 4002 citienses,
720 3942 748 4003 je
759 3954 791 3990 ne
801 3942 856 3991 dots
867 3953 909 4003 pas
925 3940 1024 3992 oublier
1038 3942 1070 3991 de
1084 3952 1147 3990 vous
1158 3938 1220 3990 taire
1238 3951 1385 4000 remarqun·

258 4036 319 4085 que,
333 4021 383 4072 200
394 4036 439 4073 aus
446 4023 518 4085 apres
526 4024 548 4073 la
558 4029 625 4073 mort
634 4023 667 4073 de
679 4021 824 4082 coniuctus,
836 4023 988 4087 l'empereur
998 4021 1178 4084 Chi-Hoangti‚
1192 4021 1223 4071 de
1232 4021 1255 4071 la
1270 4020 1384 4083 dynasie

258 4107 290 4156 de
304 4104 374 4164 lde,
395 4104 525 4167 proscrivit
543 4105 579 4155 tes
594 4117 717 4172 ouvrages
736 4106 768 4155 de
786 4118 817 4155 ce
836 4106 991 4169 philosophe,
1011 4111 1037 4156 et
1056 4104 1167 4155 ordonna
1181 4114 1232 4166 que
1247 4109 1331 4153 tontes
1345 4103 1383 4152 les

257 4187 341 4249 copies
365 4198 396 4236 en
411 4185 509 4237 bissem
530 4186 665 4238 aneanties.
691 4187 727 4237 Le
747 4187 880 4252 cru-ktng
900 4189 1039 4251 oapendant
1064 4187 1103 4237 fut
1122 4186 1269 4237 retrauscrit
1285 4197 1344 4235 sous
1359 4185 1382 4234 la

258 4268 371 4330 dynastia
390 4267 505 4319 suivante
525 4268 558 4318 de
579 4269 642 4330 Hau,
659 4283 704 4320 sur
716 4270 739 4319 la
750 4269 834 4321 dictee
852 4270 913 4321 d'uu
928 4269 1039 4320 steillard
1054 4271 1116 4321 dont
1131 4270 1153 4318 ta
1166 4268 1287 4318 irremotre
1299 4267 1383 4317 taran

260 4349 404 4400 fidetement
414 4354 512 4399 retenu.
531 4349 600 4400 'lette
611 4356 651 4400 est
661 4352 725 4402 donc
738 4351 853 4414 l'origine
862 4352 894 4402 de
907 4351 929 4402 la
944 4350 1042 4401 scieme
1055 4349 1196 4413 historicus
1208 4361 1240 4398 en
1252 4346 1340 4408 chine,
1357 4354 1383 4396 et
