3142 4964
266 311 308 375 52
399 317 402 322 ’
482 331 682 375 mrnonncno
694 329 842 373 sonemus
856 329 890 371 m
904 329 931 372 s.
950 275 1295 423 scmrrnnpppss-ff
1305 350 1344 413 ὃ

266 427 501 510 describuntur,
516 430 552 494 iis
565 432 686 515 Moyses
698 449 758 492 nec
770 447 868 513 agens
886 448 945 491 nec
961 427 1047 490 testis
1059 426 1219 510 interluit3
1235 447 1273 490 ea
1287 435 1394 490 tamen

267 532 439 596 certissime
455 532 535 597 scire
552 533 666 618 potuit.
689 530 766 612 Quae
783 529 916 616 quidem
942 530 1136 593 creationem
1154 529 1292 593 hominis
1307 550 1396 614 prae-

267 645 429 701 cesserunt
448 656 486 699 ea
510 637 635 699 nonnisi
659 631 1174 723 QQQQMMQ
1191 629 1316 696 Adamo
1340 641 1397 696 ant

266 738 459 801 Patriarchis
474 746 529 800 aut
545 738 604 822 ipsi
622 736 730 821 Moysi,
750 736 804 821 qui
825 743 891 798 tam
908 755 990 820 saepe
1007 734 1065 798 Dei
1085 734 1228 820 alloquio
1248 732 1396 819 dignatus

266 838 338 919 fuit,
353 837 571 903 innotuerunt.
586 840 664 921 Quae
680 860 758 902 vero
769 839 964 902 creationem
976 838 1115 902 hominis
1128 837 1295 902 subsecuta
1309 847 1394 922 sunt,

267 961 304 1004 ea
326 941 446 1025 Moyses
464 939 654 1026 depromere
679 942 782 1026 potuit
808 962 847 1004 ex
873 942 1005 1027 antiqua
1029 950 1059 1004 ct
1082 941 1115 1004 in
1136 940 1396 1004 Patriarcharnm

266 1041 395 1107 familiis
422 1054 610 1109 conservata
626 1044 808 1109 traditione.
827 1044 903 1108 llaec
919 1054 1027 1108 autem
1055 1042 1182 1109 traditio
1209 1066 1247 1108 co
1272 1043 1397 1108 fidelius

267 1144 517 1209 conservabatur
546 1145 634 1232 qnod
663 1147 787 1211 divinas
808 1147 1019 1211 revelationes
1038 1145 1226 1233 divinasque
1256 1146 1397 1231 promis-

178 1258 184 1267 ‘
266 1248 370 1312 siones
408 1251 494 1312 eneri
510 1250 652 1315 humano
666 1253 755 1336 lapso
772 1250 945 1315 etfamiliae
960 1249 1099 1314 Abrahae
1115 1249 1215 1314 factas
1231 1251 1396 1334 complec-

181 1335 183 1340 ’
214 1269 419 1461 ystohatur}
468 1324 505 1431 M
970 1418 974 1428 ,

310 1453 362 1517 57.
398 1456 494 1540 Moysi
519 1478 584 1519 non
608 1457 668 1520 fuit
691 1454 868 1520 admodum
899 1454 1029 1519 difficile
1059 1454 1215 1519 illibatam
1244 1455 1396 1540 omnique

266 1552 393 1619 fictione
421 1578 536 1641 puram
558 1556 808 1642 praecedentium
831 1567 1013 1644 temporum
1041 1558 1207 1622 historiam
1231 1558 1393 1643 colligere.

43 1626 102 1741 <J
130 1624 158 1708 ll
197 1677 206 1709 ⁸
237 1705 240 1712 1
267 1655 338 1737 Quo
352 1659 438 1722 enim
450 1668 593 1744 tempore
607 1661 673 1745 ipse
686 1670 779 1725 natus
792 1670 849 1745 est,
864 1661 915 1724 vix
929 1660 971 1724 ab
983 1660 1071 1724 initio
1085 1658 1196 1724 muudi
1209 1659 1397 1724 effluxerant

266 1757 332 1822 duo
344 1760 444 1824 millia
458 1769 488 1824 et
504 1760 728 1847 quadringenti
742 1765 818 1826 anni
831 1734 990 1861 (hffilis
1000 1773 1108 1827 antem
1121 1762 1180 1826 fuit
1192 1762 1395 1861 PatQha-

264 1863 549 1955 Qm..l0¹¹gaelllflsi
568 1874 603 1928 ut
619 1886 728 1950 paucae
750 1867 971 1954 generationes
994 1867 1056 1929 hoo
1079 1865 1230 1951 temporis
1254 1866 1393 1950 spatium
1454 1945 1456 1948 Α

264 1939 456 2061 implerenss
470 1967 595 2030 Etenim
615 1969 736 2054 Moyses
758 1992 777 2034 a
801 1979 891 2055 patre
915 1991 972 2033 sno
995 1969 1128 2033 Amram
1152 1969 1246 2032 facile
1268 1967 1395 2033 didiscit

263 2067 523 2152 totamdosephi,
541 2069 665 2152 hocchi,
684 2071 784 2135 Isaaci
809 2081 840 2135 ct
855 2071 994 2136 Abrahae
1010 2071 1185 2135 historiam.
1210 2070 1291 2134 Nam
1308 2069 1393 2133 Am-

264 2187 347 2252 ram„
363 2170 418 2254 qni
438 2170 500 2232 157
515 2173 607 2235 annis
624 2174 711 2257 vixit,
736 2175 837 2259 potuit
864 2193 922 2260 per
948 2175 1055 2260 plures
1081 2194 1181 2237 annos
1211 2173 1393 2237 conversari

265 2290 339 2333 cum
356 2272 425 2355 ipso
441 2273 598 2358 Josepho‚¹
614 2297 722 2361 aquo,
738 2278 818 2341 sicut
833 2267 876 2342 ab
891 2300 951 2343 avo
968 2300 1025 2342 suo
1041 2279 1116 2342 Levi
1133 2277 1266 2363 aliisque
1280 2276 1393 2341 Jacobi

264 2371 348 2454 filiis,
364 2374 457 2438 facile
473 2378 633 2460 acceperit
645 2399 716 2463 qnae
731 2381 882 2465 Josepho,
900 2381 1035 2464 Jacobo,
1053 2381 1185 2466 aliisque
1200 2380 1393 2444 Patriarchis

264 2477 497 2560 contingerant.
516 2480 591 2543 Levi
612 2491 730 2565 autem,
750 2480 833 2547 filius
854 2484 966 2548 Jacobi
988 2493 1020 2548 et
1044 2505 1121 2548 avus
1143 2483 1300 2566 Amrami‘,
1321 2481 1393 2568 jam

265 2577 477 2663 quadraginta
495 2583 586 2645 aunis
607 2593 698 2647 natus
716 2596 785 2649 crat
812 2586 942 2672 quando
960 2608 1038 2651 avus
1059 2584 1127 2672 ojus
1152 2587 1279 2650 Isaacns
1300 2606 1393 2648 mor-

264 2689 336 2743 tuus
353 2689 409 2744 est.
430 2680 546 2747 Adhuc
563 2694 670 2749 autom
695 2687 781 2771 Sem,
809 2689 892 2753 filius
910 2690 988 2772 Noc,
1010 2690 1042 2752 in
1066 2690 1145 2752 vivis
1173 2697 1241 2753 crat
1262 2685 1392 2775 quando

264 2792 420 2847 natusest
443 2785 581 2850 Isaacus.
608 2789 736 2854 lsaacus
757 2794 860 2876 potuit
882 2814 920 2856 co
944 2791 1144 2856 familiariter
1159 2792 1204 2855 uti
1219 2811 1277 2877 per
1292 2810 1394 2874 annos

265 2883 478 2970 quadraginta
498 2897 583 2972 tres3
607 2889 649 2954 ab
676 2893 743 2977 ipso
773 2894 875 2979 potnit
904 2895 1049 2979 accipere
1074 2893 1240 2957 historiam
1266 2890 1390 2973 diluvii,

266 2989 361 3052 turris
385 2989 544 3055 Babclicae
564 3003 595 3056 ct
615 2992 819 3079 dispersionis
840 2999 1057 3082 populorum;
1077 2994 1236 3083 siquidem
1262 3004 1393 3059 eventus

266 3101 332 3156 tam
353 3093 501 3179 stupendi
529 3117 593 3159 nou
619 3098 661 3161 ita
687 3099 782 3163 facile
810 3122 827 3164 e
855 3102 1010 3165 memoria
1038 3099 1206 3163 hominum
1231 3096 1389 3161 delentur.

154 3220 162 3236 ·
242 3165 364 3297 [forro
380 3196 454 3263 Sem
472 3208 544 3261 cent
617 3202 709 3265 anuis
724 3213 816 3267 natus
831 3213 906 3269 ante
919 3203 1077 3268 diluvium
1093 3203 1181 3267 initia
1197 3202 1265 3265 fere
1283 3221 1392 3264 rerum

265 3297 366 3380 attigit
380 3322 389 3377 ;
408 3319 471 3382 qno
485 3302 583 3381 enioy
596 3325 728 3389 empore
740 3317 831 3370 natus
844 3318 901 3391 est,
920 3307 1027 3373 adhuc
1041 3309 1073 3371 in
1089 3307 1169 3370 vivis
1182 3294 1250 3369 erat
1265 3303 1392 3368 Mathu-

265 3399 331 3462 sala
351 3400 405 3483 qui
424 3422 497 3465 cum
514 3398 640 3470 Adamo
662 3406 717 3472 diu
737 3411 853 3474 fuerat.
873 3412 934 3475 Sex
954 3412 1049 3497 igitur
1064 3409 1284 3496 generationes
1300 3408 1392 3491 Moy-

265 3523 321 3564 sen
344 3505 503 3587 usquead
528 3508 616 3572 initia
638 3520 819 3597 temporum
835 3496 1146 3612 'yierducehanfflih
1165 3512 1231 3575 Nec
1256 3509 1391 3574 dubium

299 3700 334 3763 (1)
346 3698 373 3749 ln
387 3700 432 3752 hnc
445 3705 631 3764 computatione
645 3708 777 3769 sequimur
788 3715 887 3774 textum
904 3711 1059 3762 hebraicum.
1076 3710 1189 3773 'tenipus
1204 3707 1352 3773 producitur
1365 3706 1392 3756 in

266 3782 380 3832 versione
401 3783 483 3839 Lxx:
500 3784 638 3836 visentem
658 3790 781 3840 ratiocinii
805 3795 873 3857 quod
895 3794 1049 3844 deduximus
1062 3793 1149 3843 eadem
1165 3797 1278 3842 remanet
1293 3789 1392 3841 etiamsi

265 3865 325 3928 quis
337 3865 524 3928 chronologiam
535 3881 641 3930 grecam
652 3874 726 3935 scqni
741 3876 821 3925 molit.

299 3947 334 4011 (1)
344 3947 454 3997 Adamus
468 3956 583 3999 mortuus
598 3958 637 4001 est
648 3966 713 4003 atino
725 3959 811 4007 mundi
826 3959 883 4010 930.
901 3960 1046 4019 Mattiusolu
1061 3959 1127 4009 filins
1142 3957 1246 4016 hocchi,
1266 3962 1338 4005 uatus
1352 3961 1392 4005 est

242 4060 252 4111 p
265 4029 315 4079 2⁰23
326 4036 384 4079 ante
401 4038 508 4081 mortem
524 4032 612 4082 Adnmi
624 4043 651 4084 et
668 4037 744 4089 sitam
760 4042 878 4103 produxit
893 4056 973 4104 usque
988 4042 1019 4092 ad
1033 4041 1157 4092 diluvium
1172 4042 1220 4103 (an.
1234 4038 1281 4089 687
1289 4035 1390 4093 -lssiisslz

266 4114 335 4172 Sem,
357 4112 409 4161 Noe
429 4112 503 4172 lilius,
528 4116 590 4164 vixit
613 4113 1215 4185 11003ὴηί51311.1558-91581ς15111,11)η1133
1235 4120 1311 4178 fitius,
1328 4119 1390 4168 lell
1443 4180 1451 4193 ,
1552 4165 1560 4187 t

236 4189 244 4295 y
268 4196 314 4246 180
328 4195 400 4247 annis
412 4197 462 4256 (an.
476 4194 648 4265 attssessp
664 4203 735 4261 Levi,
750 4205 924 4266 tecolithos,
937 4207 1000 4257 vixit
1013 4207 1059 4256 137
1072 4206 1144 4256 aunis
1161 4206 1212 4266 (an.
1227 4202 1389 4264 asts-moos

237 4300 240 4309 ι
266 4277 353 4337 Carth,
361 4276 417 4340 ejus
426 4277 501 4338 littus,
513 4281 574 4332 vixit
585 4284 633 4334 155
642 4286 722 4336 aunis:
734 4288 845 4353 denique
853 4288 1030 4352 hmrameJ'us
1038 4287 1104 4339 illius
1115 4292 1141 4337 et
1151 4293 1223 4349 pater
1232 4284 1390 4349 Moyst‚vixit

267 4360 312 4410 137
325 4359 397 4410 annis
408 4366 434 4410 et
447 4369 563 4413 inortuus
575 4368 651 4416 estin
664 4369 781 4434 AEgypto.
