3134 4934
1173 7 1189 67 l

273 312 349 355 PARS
360 312 397 353 11.
411 309 504 352 CAPUT
517 308 547 353 V.
564 307 603 350 Il!
617 307 850 359 Qnsvvounncns
863 308 889 351 S.
905 309 993 351 nanu
1009 306 1168 352 muscosas.
1229 289 1293 353 375

160 409 355 475 inurendam
373 409 419 472 illi
436 409 491 493 qui
510 417 640 492 negaret
657 408 796 471 Paulum
817 428 885 471 esse
902 416 1067 473 auctorem
1087 409 1234 494 Epistola
1251 408 1294 473 ad

159 511 329 577 Hebraeos.

206 616 259 680 24.
278 618 408 700 Lingua.
435 614 581 679 Clemens
600 611 852 696 Alexandrinus,
879 613 1045 695 Eusebius,
1069 570 1353 699 Hieronymus&

160 718 329 782 Eutbalius
346 726 443 803 atque
460 714 691 799 Theodoretus,
712 714 842 780 tradunt
861 717 1036 801 Epistulam
1058 716 1208 781 hebraice
1225 719 1296 801 pri-

162 822 260 885 mitus
278 821 492 905 conscriptam
509 819 618 902 inisse,
636 839 739 905 graece
761 828 870 882 aulem
894 819 1001 882 statim
1022 817 1182 883 redditam
1206 821 1259 884 vel
1275 842 1296 884 a

160 924 196 986 S.
217 924 314 1005 Luca,
328 921 422 1008 juxta
439 911 637 987 Clementem
653 919 919 1003 Alexandrinum,
939 922 1110 1007 velpotius
1127 944 1146 985 a
1165 923 1197 987 S.
1220 918 1295 986 Cle-

163 1035 283 1109 mente,
301 1025 394 1112 juxta
418 1033 551 1090 ceteros.
578 1024 640 1088 Alii
657 1026 768 1088 Patres
788 1022 895 1087 valde
916 1045 954 1088 ea
971 1045 1005 1087 re
1025 1024 1293 1109 conloquuntur,

163 1129 217 1194 vel
234 1129 410 1213 generatim
428 1127 589 1192 affirmant
616 1127 707 1191 Pauli
728 1127 883 1211 Epistolas
910 1144 1012 1212 grace
1032 1128 1130 1192 fuisse
1149 1129 1294 1214 scriptas.

165 1229 318 1315 Origenes
329 1227 456 1295 videtur
469 1231 585 1294 sentire
598 1231 772 1315 Epistolam
788 1250 891 1314 graeee
905 1231 1001 1294 luisse
1013 1226 1191 1296 exaratam.
1205 1233 1297 1296 Post-

166 1354 265 1418 quam
292 1333 377 1396 enim
406 1333 587 1397 observavit
613 1334 729 1418 stylum
747 1331 843 1418 hujus
861 1333 1009 1417 Epistolae
1032 1335 1244 1418 comptiorem
1269 1344 1300 1398 et

168 1437 398 1520 elegantiorem
422 1456 502 1518 esse,
527 1430 617 1499 addit
641 1456 674 1499 se
698 1436 814 1499 sentire
838 1437 1009 1499 sententias
1032 1457 1099 1500 esse
1125 1436 1299 1522 Apostoli:
1348 1430 1393 1521 tl

129 1590 133 1597 .
165 1536 338 1603 dictIonem
354 1548 462 1603 autem
478 1538 608 1602 alterius
625 1535 793 1623 cujusdam
811 1538 866 1624 qui
883 1536 968 1603 dicta
989 1538 1135 1624 Apostoli
1155 1562 1300 1604 comme·
1359 1528 1365 1551 ⁸

166 1657 294 1704 morare
307 1649 339 1704 et
352 1641 442 1726 quasi
455 1641 488 1703 in
506 1641 773 1705 commentarium
794 1640 939 1726 redigere
958 1643 1108 1706 voluerit.
1126 1643 1189 1706 Pro
1212 1653 1298 1708 textu

166 1741 318 1805 bebraico
335 1751 407 1804 sunt
421 1743 504 1806 inter
517 1743 710 1818 recentiores
726 1742 890 1807 Cornelius
910 1764 930 1806 a
950 1727 1082 1827 lapide,
1109 1745 1298 1830 Reithmayr

164 1852 197 1905 et
213 1841 319 1933 Glaire
336 1844 368 1906 in
395 1844 427 1907 l‘
451 1865 515 1908 suae
537 1845 656 1911 Iatrod.
676 1842 827 1907 editione.
847 1836 992 1907 Inlertia
1018 1865 1095 1908 vero
1119 1845 1187 1929 ipse
1211 1853 1297 1909 tenet

164 1965 241 2008 curn
266 1946 349 2010 Ratio
372 1956 403 2010 et
428 1947 588 2033 plerisque
611 1944 842 2010 recentioribus
872 1948 1048 2031 Epistulam
1077 1945 1120 2011 ad
1143 1947 1296 2012 Hebraeos

164 2070 268 2134 graece
280 2060 442 2115 exaratam
455 2053 634 2133 luisse,boe
645 2053 804 2137 praecipue
818 2052 908 2114 nixus
921 2060 1124 2136 argumento.
1135 2052 1168 2115 S.
1179 2052 1297 2115 Paulus

166 2153 200 2215 in
226 2152 289 2216 bac
306 2154 445 2237 Epistola
469 2155 667 2239 Scripturam
692 2154 843 2218 continuo
866 2155 978 2218 recitat
1000 2153 1094 2239 juxta
1117 2156 1297 2219 versionem

165 2255 263 2337 LXX,
282 2255 367 2340 quod
385 2278 448 2321 non
467 2256 592 2321 lecisset
614 2257 639 2319 si
662 2256 814 2320 hebraice
835 2255 1021 2340 scripsisset.
1041 2255 1106 2319 Nec
1125 2254 1212 2319 dicat
1227 2257 1298 2342 quis
1319 2258 1324 2265 “

165 2379 260 2422 usum
278 2360 431 2423 versionis
446 2360 531 2424 LXX
546 2358 753 2424 tribuendum
770 2360 937 2443 interpreti
949 2358 1097 2443 Epistolae
1113 2380 1178 2423 non
1191 2368 1299 2424 autem

167 2462 278 2527 Paulo.
298 2462 379 2525 Nam
395 2462 565 2548 Apostolus
581 2463 648 2547 ipse
663 2461 809 2526 versione
830 2461 915 2524 LXX
931 2481 1006 2523 usus
1022 2470 1091 2543 cst3
1110 2461 1254 2546 alioquin
1274 2463 1299 2525 si

167 2573 254 2628 textu
269 2564 421 2628 hebraico
433 2585 509 2629 usus
523 2565 643 2647 luisset,
658 2586 723 2628 non
739 2565 893 2649 potuisset
908 2585 948 2627 ex
963 2563 1098 2628 textibus
1114 2556 1340 2699 ratiocinaris

60 2667 63 2671 ’
166 2675 261 2751 prout
289 2668 365 2731 lecit
393 2678 424 2731 ct
450 2667 668 2732 conclusiones
688 2677 828 2731 statuere
860 2652 940 2754 quas
964 2666 1108 2731 deduxit.
1139 2667 1191 2730 Sic
1215 2688 1298 2731 novo

20 2768 26 2775 ’
166 2771 368 2845 Testamento
391 2771 556 2857 applicans
576 2780 697 2836 textum
714 2774 780 2835 Jer.
802 2771 906 2854 XXX,
926 2771 980 2853 51,
998 2771 1054 2835 ubi
1078 2772 1163 2834 Deus
1178 2773 1299 2856 populo

166 2893 224 2937 suo
249 2892 370 2938 novum
393 2872 508 2937 Foedus
531 2875 710 2960 promittit,
736 2895 775 2938 ex
800 2890 878 2938 voce
901 2867 1020 2947 διαθήκη
1044 2870 1229 2954 concludit,
1256 2871 1299 2936 ad

120 3046 125 3053 ,
167 2976 311 3041 valorem
327 2976 400 3041 novi
422 2977 508 3040 illius
531 2978 724 3041 Testamenti
746 2998 876 3042 neeesse
899 2994 968 3040 esse
986 2986 1020 3040 ut
1038 2997 1126 3040 mors
1143 2976 1300 3039 testatoris

168 3077 345 3142 intercedat
370 3078 457 3165 (cap.
482 3079 540 3162 IX,
564 3078 632 3165 16).
656 3081 702 3142 Ex
726 3100 804 3144 voce
829 3088 936 3144 autem
959 3078 1112 3143 hebraica
1135 3094 1204 3189 nrt?
1228 3099 1300 3164 quae

167 3193 273 3258 ioedus
301 3204 436 3279 tantum,
469 3216 535 3260 non
560 3206 670 3261 autem
697 3206 923 3261 testamentum
946 3196 1121 3282 significat,
1147 3206 1300 3262 enervata

168 3297 277 3385 inisset
293 3298 363 3384 ejus
377 3301 540 3364 conclusio
557 3300 618 3386 (1).

210 3401 264 3466 25.
289 3404 385 3467 Locus
417 3415 447 3467 et
479 3415 608 3489 tempus.
634 3404 758 3490 Scripta
787 3413 917 3489 putatur
939 3405 1051 3470 Itomae
1083 3404 1116 3469 in
1140 3405 1300 3491 prioribus

166 3502 310 3587 Apostoli
340 3505 487 3570 vinculis.
517 3507 595 3590 Cap.
627 3505 721 3590 XIII,
753 3507 793 3571 il
825 3506 997 3591 Apostolus
1020 3506 1097 3572 dicit
1123 3530 1131 3571 z
1156 3507 1300 3572 Selutcat
1388 3495 1392 3500 ’

46 3627 50 3631 ’
167 3626 218 3669 uos
236 3606 272 3668 de
293 3606 386 3669 Italia
407 3608 532 3693 [ratres.
562 3608 696 3672 Plurimi
720 3607 846 3674 codices
862 3609 903 3672 'in
922 3608 1210 3695 subscriptionibus
1235 3631 1298 3673 an·
1369 3687 1372 3692 Ι

168 3718 279 3772 notant
304 3711 456 3795 scriptam
475 3710 573 3775 luisse
594 3711 627 3775 in
650 3711 742 3776 Italia
769 3712 944 3796 Epistulam
970 3722 1066 3797 atque
1085 3711 1127 3775 ad
1145 3711 1298 3776 Hebraeos

167 3812 296 3874 missam
312 3832 370 3896 per
384 3813 598 3877 Timotheum.
614 3812 722 3878 Codex
738 3813 777 3896 A,
792 3814 825 3877 S.
843 3813 1094 3903 Cbrysostomus,
1112 3811 1298 3877 Theodore-

92 3949 95 3953 ·
165 3922 228 3997 tus,
248 3914 424 3995 Eutbalius,
444 3913 660 4000 designantia
680 3937 822 4002 quanam
838 3916 937 3980 Italiae
957 3928 1047 4003 parte
1068 3917 1185 4002 scripta
1204 3915 1301 3981 luerit

165 4024 198 4080 et
214 4017 353 4081 Romam
370 4017 526 4084 indicant.

200 4231 312 4365 (idme
325 4233 436 4365 lipttam,
453 4232 596 4300 Prolryom.
609 4233 636 4285 tn
648 4230 734 4300 Epist.
752 4236 790 4285 od
802 4233 876 4285 litor.
887 4249 913 4300 q.
926 4235 951 4299 ὃς
965 4234 1058 4297 etrite,
1073 4234 1215 4289 introduct.
1231 4244 1251 4289 t.
1269 4237 1300 4297 V,

165 4327 191 4367 e.
243 4349 251 4376 ,
267 4318 317 4365 art.
356 4342 364 4377 .
380 4314 413 4366 ὅ·
426 4315 470 4366 ed.
