3132 4964
368 297 445 343 rans
456 298 478 341 r.
498 296 590 340 earm
603 295 693 340 xmn.
710 295 748 336 nr
764 294 927 337 anorumn
942 292 1126 340 sanamus.
1243 274 1306 340 147

176 395 321 482 spatium
340 395 490 479 temporis
506 416 569 480 quo
585 392 826 479 separabantur,
847 391 1031 477 cernebant,
1050 392 1126 456 hine
1141 392 1174 456 in
1191 391 1305 457 eodem

176 498 332 562 vaticinio
343 496 510 583 descriptae
521 505 552 560 et
570 495 746 582 conjuncte
763 496 966 559 inveniuntur
986 517 1048 579 res,
1064 516 1135 581 qnae
1150 497 1306 580 tempori-

175 600 244 665 bus
259 601 434 685 plurimum
460 597 574 663 dissitis
596 599 724 662 evenire
747 596 919 661 dehebant.
945 598 1028 662 Hine
1041 599 1207 684 Prophetae
1225 620 1308 697 saepe

178 700 224 765 de
241 722 306 765 una
322 722 357 764 re
371 702 475 766 statim
493 700 609 764 saliunt
624 698 666 764 ad
681 700 779 764 aliam
792 721 932 786 moxque
947 698 989 764 ad
1005 701 1142 785 primam
1158 700 1304 765 redeunt.

177 805 255 868 Hoc
281 813 389 870 tamen
415 825 479 868 non
509 804 690 888 importune
711 812 741 867 et
764 801 887 888 absque
907 804 1026 867 motivo
1049 803 1181 868 faciunt.
1201 804 1307 868 Probe

178 909 271 972 enim
287 904 461 971 tenendum
485 915 532 970 est
553 907 671 990 Legem
694 913 835 969 veterem
857 905 953 969 fuisse
974 913 1084 991 typum
1108 907 1199 992 Legis
1216 927 1307 971 novae

175 1020 216 1075 et
231 1030 269 1074 ea
281 1029 356 1096 quae
371 1010 405 1072 in
421 1010 539 1094 populo
551 1006 662 1072 Judaeo
679 1007 872 1092 gerebantur
891 1007 1042 1092 figurasse
1058 1009 1204 1075 Messinm
1220 1010 1307 1095 ejus-

179 1134 248 1198 que
263 1112 449 1176 Ecclesiam.
467 1111 540 1175 Jam
556 1120 663 1174 autem
678 1111 845 1194 Prophetae
862 1110 1012 1175 continuo
1028 1112 1060 1175 in
1073 1113 1136 1176 suis
1152 1113 1307 1178 vaticiniis

179 1215 343 1279 Christum
359 1222 389 1276 et
409 1214 583 1277 Ecclesiam
601 1209 819 1276 intendebant.
838 1210 900 1275 Ubi
915 1212 1011 1297 igitur
1027 1234 1078 1277 res
1092 1236 1167 1278 mox
1183 1215 1307 1280 futuras

179 1314 411 1402 praedieehant,
430 1337 501 1401 quae
515 1324 606 1401 typus
627 1323 717 1378 erant
732 1313 856 1396 Christi,
875 1316 968 1379 lacile
988 1337 1007 1379 a
1030 1325 1103 1401 typo
1126 1314 1169 1381 ad
1191 1319 1307 1403 antity-

181 1441 275 1504 pum,
301 1441 320 1483 a
342 1419 445 1503 figura
468 1416 510 1481 ad
533 1416 704 1502 figuratum
726 1416 916 1499 transibant,
941 1440 979 1482 eo
1003 1421 1105 1504 magis
1127 1420 1214 1507 quod
1237 1422 1307 1486 haec

183 1521 292 1586 omnia
310 1520 403 1585 simul
426 1522 459 1584 in
482 1519 602 1582 lumine
625 1520 811 1604 prophetico
833 1520 923 1604 quasi
943 1522 976 1584 in
1000 1520 1110 1584 tabula
1127 1531 1304 1587 cernerent.

183 1623 249 1704 Sic,
274 1620 352 1685 dnm
375 1623 549 1707 loquuntur
567 1617 613 1683 de
635 1620 791 1683 solutione
815 1621 1003 1705 captivitatis
1025 1621 1226 1707 Babylonica
1248 1644 1308 1707 per

183 1725 313 1812 Cyrum,
335 1725 423 1788 nulla
445 1723 629 1787 transitione
652 1723 768 1786 saliunt
790 1721 832 1787 ad
855 1722 1075 1788 liberationem
1097 1725 1264 1790 hominum
1288 1748 1309 1791 a

186 1830 365 1915 captivitate
389 1826 542 1892 daemonis
576 1849 633 1913 per
662 1826 832 1891 Christum.
861 1828 907 1890 Ex
930 1829 988 1892 ista
1010 1830 1105 1914 igitur
1129 1830 1308 1915 Prophetiae

185 1942 300 1996 natura
319 1933 443 2017 exurgit
466 1929 615 2016 quaedam
638 1929 825 2012 obscuritas,
847 1950 944 2016 quam
968 1931 1123 2015 interpres
1145 1929 1308 2016 depellere

186 2035 297 2120 nequit
311 2035 369 2098 nisi
385 2032 427 2097 ad
443 2031 508 2096 duo
525 2053 595 2119 que
613 2033 792 2097 notavimus
810 2030 920 2096 sedulo
936 2031 1088 2097 attendat.

230 2138 282 2202 25.
303 2134 546 2201 Observandum
563 2135 658 2198 etiam
674 2143 720 2198 cst
736 2134 895 2217 vaticinia,
917 2145 1088 2220 antequam
1105 2135 1308 2221 adimplean-

186 2250 249 2324 tur,
277 2242 389 2325 saepius
409 2261 476 2304 esse
497 2238 646 2327 obseura,
665 2240 771 2302 locem
791 2247 897 2302 autem
915 2248 946 2301 et
963 2239 1140 2303 claritatem
1161 2241 1308 2325 accipere

170 2343 229 2407 ⁴ab
252 2341 479 2427 adimpletione
504 2350 634 2405 eventus
657 2339 799 2426 predicti
820 2341 879 2427 (1).
906 2341 974 2405 Hoc
1008 2351 1115 2406 autem
1148 2344 1308 2428 praecipue

184 2447 291 2509 locum
307 2443 419 2508 habuit
434 2464 492 2529 pro
508 2444 662 2507 vaticiniis
675 2441 715 2507 de
731 2444 854 2507 llessia.
872 2444 929 2507 His
945 2444 1029 2507 enim
1045 2445 1200 2509 vaticiniis
1215 2447 1309 2530 plura

183 2547 223 2612 de
239 2548 362 2613 Christo
377 2545 634 2631 praedicebantur
648 2547 753 2631 speeie
774 2548 944 2628 contraria,
960 2556 995 2610 ut
1017 2546 1103 2632 quod
1122 2558 1202 2612 esset
1225 2550 1308 2614 mira

183 2671 318 2736 quaeque
331 2657 522 2734 patraturus,
535 2670 671 2734 regnum
684 2659 837 2713 aeternum
850 2671 1062 2734 possessurus,
1076 2661 1186 2735 gentes
1197 2674 1309 2716 omnes
1339 2639 1342 2644 ’

183 2753 383 2834 subacturus,
398 2750 440 2814 ab
454 2751 603 2815 omnibus
614 2761 649 2814 ut
663 2752 746 2814 Deus
757 2750 954 2834 adorandus,
972 2760 1003 2816 et
1019 2754 1113 2816 simul
1126 2753 1213 2837 quod
1226 2755 1310 2818 foret

182 2843 318 2940 pauper,
332 2854 473 2937 humilis,
489 2852 666 2938 despectus,
685 2855 874 2934 novissimus
889 2855 1043 2936 virorum,
1061 2856 1161 2919 sciens
1173 2856 1308 2920 infirmi-

182 2968 293 3042 tatem,
309 2959 357 3022 vir
371 2956 532 3041 dolorum,
550 2957 823 3040 subsannationes,
843 2956 1028 3040 derisiones,
1053 2967 1211 3022 tormenta
1229 2981 1308 3044 pas-

182 3082 285 3143 surus,
299 3069 402 3124 morte
416 3061 598 3146 turpissima
610 3058 884 3124 condemnandus.
899 3061 975 3124 Haec
988 3070 1019 3123 et
1034 3062 1096 3124 alia
1109 3060 1307 3147 hujusmodi,

181 3175 354 3250 antequam
377 3165 516 3228 Christus
545 3163 721 3246 adveniret,
751 3165 909 3228 contraria
936 3163 1128 3229 videbantur
1153 3175 1184 3229 et
1201 3165 1309 3231 Judaei

182 3289 247 3331 non
264 3266 486 3351 intelligebant
503 3264 666 3352 quomodo
683 3268 715 3330 in
732 3268 843 3331 Massia
858 3266 1065 3351 adimplenda
1083 3269 1199 3333 forent.
1214 3271 1308 3335 Post·-

181 3392 280 3456 quam
308 3381 415 3434 autem
445 3370 586 3435 Christus
610 3369 763 3452 advenit,
790 3392 918 3435 crucem
942 3370 1037 3435 subiit
1061 3382 1091 3435 et
1114 3375 1307 3458 resurrexit,

182 3476 270 3538 clara
287 3474 395 3538 omnia
414 3473 498 3537 facta
518 3483 602 3537 sunt.
964 3468 968 3480 '

182 3656 219 3706 les
232 3640 392 3704 evenements
401 3653 533 3716 prochalns
543 3664 569 3704 et
578 3655 689 3718 eloigne's
699 3656 780 3705 sonti
791 3670 836 3707 nos
848 3670 913 3720 yeux
926 3670 1023 3707 comme
1032 3657 1085 3707 s'ils
1093 3670 1121 3707 se
1130 3657 1307 3707 touchaicnt.»

182 3737 274 3798 (thira,
288 3736 431 3786 introduct.
443 3736 539 3800 partie.
555 3750 609 3786 aue
622 3737 761 3801 Prophetes
771 3740 797 3788 in
809 3739 909 3789 lotrad.
923 3747 942 3789 t.
958 3738 998 3801 lll,
1015 3753 1039 3802 p.
1053 3741 1110 3790 alt.

217 3819 251 3882 (l)
266 3835 277 3865 r
291 3819 327 3868 lte
340 3830 369 3867 ee
379 3817 475 3880 qu'une
486 3817 617 3879 prophetie
626 3818 691 3868 n'est
705 3819 774 3881 point
787 3820 862 3870 elaire
879 3827 953 3870 arant
970 3819 1062 3883 qu'elle
1076 3821 1111 3869 ait
1127 3832 1188 3881 recu
1203 3831 1248 3868 son
1265 3830 1309 3868 ac-

183 3899 394 3963 compescuere,
409 3910 442 3947 on
455 3897 495 3947 n’a
511 3909 594 3947 aucun
608 3898 673 3948 droit
691 3899 804 3962 legitime
821 3900 878 3951 d’en
892 3901 1009 3953 conclure
1024 3900 1116 3962 qu'elle
1131 3912 1162 3948 ne
1179 3897 1271 3948 saurais
1285 3898 1311 3948 le

183 3985 286 4035 devenir
300 3981 382 4045 apres.
399 3981 447 4030 Car
464 3994 514 4031 une
534 3980 673 4043 predictiou
693 3983 723 4032 de
741 3989 809 4032 cette
829 3989 920 4034 nature
939 3983 1074 4032 ressemhlc
1093 3994 1124 4032 an
1142 3982 1311 4044 signalement

183 4067 243 4117 d'un
253 4065 353 4114 homme
367 4076 447 4113 :ceux
459 4062 504 4126 qui
517 4070 561 4113 ont
573 4076 602 4112 ce
614 4063 779 4126 signalement
789 4070 861 4115 entre
872 4065 909 4114 les
920 4064 1001 4114 mains
1015 4077 1046 4114 ne
1062 4070 1170 4127 pervent
1181 4063 1311 4117 connaltrc

184 4154 224 4199 cet
236 4148 335 4197 homme
347 4151 420 4197 arant
431 4144 463 4194 de
474 4143 560 4193 l'avoir
575 4158 608 4195 vu
618 4160 625 4207 ;
637 4147 699 4196 mais
709 4145 754 4196 des
769 4158 819 4208 que
833 4151 874 4196 eet
888 4146 988 4195 homnae
1005 4145 1095 4208 parate,
1109 4146 1133 4195 le
1145 4145 1312 4209 signalemcnt

185 4229 262 4281 lelait
274 4228 412 4289 mnnaltre,
428 4234 455 4276 et
467 4225 585 4276 l'homme
604 4228 675 4279 ason
692 4234 751 4279 tour
766 4228 809 4279 lait
826 4227 954 4279 coonaltre
971 4228 995 4278 le
1011 4228 1183 4291 signalement.
1199 4245 1211 4275 ι
1227 4227 1311 4278 Glaire

186 4309 252 4362 teta.
268 4325 294 4374 p.
310 4309 368 4362 tlh.
