3142 4964
892 68 902 109 r
1102 92 1125 183 q
1186 72 1193 117 t
1434 81 1478 155 3

405 208 410 221 Ι
921 125 959 191 'U
974 164 982 189 '
1010 75 1099 213 aidis
1117 160 1162 224 Os
1179 179 1187 205 ι
1231 86 1428 370 Ὗηὶ
1473 188 1508 237 „q

489 346 689 391 mraouoorro
713 347 860 392 arsurus
880 350 913 393 ur
936 350 962 394 s.
987 349 1185 396 scaurum.
1402 330 1439 407 ἶ

706 548 871 630 CAPUT
898 552 964 629 lv.
1052 543 1054 547 ’
1221 630 1253 676 j

421 705 523 839 Ἄ.
648 803 687 844 nu
706 803 803 844 uams
827 788 931 845 nsouir
954 782 1013 868 (l)
1187 714 1224 847 ld

118 975 241 1085 ll„
318 1001 350 1063 1.
383 1000 604 1084 Argumentum
608 959 745 1102 ,Uatini
769 1007 906 1084 quatuor
929 1009 1098 1064 numerant
1120 1002 1245 1086 Regum
1266 1001 1397 1087 libros,

275 1123 413 1187 quorum
435 1100 515 1165 duos
534 1101 656 1186 priores
674 1101 857 1187 Samuelis(
861 1099 906 1185 2,)
861 1099 1006 1164 lduos
1024 1123 1099 1166 vero
1116 1105 1304 1188 posteriores
1327 1107 1401 1170 Re-

274 1224 363 1289 gum,
380 1204 507 1268 Hebraei
520 1204 705 1288 nuncupant
731 1203 826 1267 Liber
838 1224 960 1288 primus
972 1178 1287 1289 incipitaSamueld
1306 1208 1400 1293 cujus

275 1309 420 1373 nativitas
436 1308 556 1373 coelitus
579 1329 745 1393 promissa,
768 1308 902 1371 infantia
924 1317 955 1370 et
975 1328 1091 1371 munus
1114 1310 1336 1395 propheticum
1358 1334 1400 1377 ae

274 1413 451 1499 politicum,
470 1409 694 1477 describuntur
709 1409 829 1496 (l-lx).
852 1410 1002 1496 Sequitur
1017 1412 1194 1476 immutatio
1210 1414 1372 1500 regiminis
1387 1440 1397 1500 3

274 1517 350 1580 Saul
372 1537 428 1578 rex
451 1515 647 1595 constitutus,
672 1514 866 1577 Philisthaeos
893 1523 924 1577 et
947 1512 1138 1579 Amalecitas
1164 1513 1279 1580 devicit
1310 1527 1340 1593 et
1364 1520 1401 1582 in

193 1665 214 1677 .,
274 1638 402 1703 poenam
415 1638 479 1680 suar
496 1614 718 1680 inobedientiae
735 1615 832 1679 aDeo
849 1614 1040 1699 reprobatur
1055 1615 1203 1701 (tt-XV).
1219 1617 1318 1681 Porro
1334 1618 1400 1682 Sa-

223 1777 225 1779 ,
274 1721 373 1801 muel,
383 1719 475 1806 jussu
487 1720 556 1800 Dei,
575 1716 730 1782 Davidem
743 1719 776 1780 in
789 1718 932 1781 futurum
945 1719 1161 1782 Israelitarum
1173 1741 1281 1805 regem
1292 1724 1397 1806 ungit.

273 1822 376 1887 David
394 1832 501 1887 autern
525 1820 566 1885 ad
582 1821 710 1884 Saulem
734 1819 903 1884 arcessitur
924 1840 1061 1905 eumque
1081 1842 1137 1884 sua
1154 1820 1311 1905 psallendi
1328 1833 1399 1887 arte

272 1934 408 1989 recreat.
424 1926 553 1989 Devicta
573 1933 680 1987 autem
695 1945 715 1986 a
727 1920 848 1986 Davido
867 1921 1027 2004 Goliatho,
1042 1924 1118 1987 Saul
1139 1926 1313 2009 suspicatus
1328 1927 1399 1997 Da-

272 2028 379 2093 videm
392 2028 536 2092 futurum
548 2048 615 2091 esse
627 2046 748 2111 regem,
765 2034 901 2089 mortem
914 2026 942 2088 ci
956 2027 1067 2110 saepius
1080 2027 1207 2090 molitus
1220 2036 1277 2110 est,
1293 2026 1400 2093 donec

272 2134 340 2217 ipse
362 2152 435 2196 cum
453 2130 640 2193 Philisthaeis
662 2149 808 2213 pugnans
823 2127 972 2192 occubuit
984 2129 1213 2215 (XVI-XXXI).
1233 2129 1307 2194 llaec
1324 2141 1400 2195 suut
1520 2134 1524 2141 ’

205 2231 208 2236 ’
272 2256 343 2321 quae
364 2234 447 2298 libro
464 2234 568 2318 primo
586 2241 767 2296 narrantur.
1448 2246 1462 2274 ‘-

316 2342 346 2401 2.
377 2339 414 2400 ln
437 2334 577 2400 secundo
600 2332 702 2398 David
725 2356 780 2397 rex
804 2335 944 2418 eligitur,
973 2335 1114 2418 primum
1137 2357 1156 2399 a
1182 2336 1265 2400 tribu
1289 2337 1396 2425 Judae,

271 2439 387 2503 deinde
402 2441 498 2503 ctiam
513 2461 532 2502 a
546 2440 669 2521 ceteris,
686 2448 727 2521 et,
748 2440 885 2522 expulsis
901 2438 1064 2521 Jehusaeis,
1078 2461 1186 2504 arcem
1205 2441 1280 2504 Sion
1296 2463 1376 2507 occu

250 2551 337 2626 pat,
366 2543 399 2604 in
420 2562 517 2627 quam
540 2562 649 2605 arcam
672 2540 844 2604 introducit
865 2541 973 2627 ibique
997 2540 1106 2605 sedem
1129 2544 1250 2627 regiam
1273 2436 1397 2712 cmii

268 2645 329 2707 tuit
343 2643 461 2728 (l—Vl).
482 2643 579 2708 Varia
602 2640 717 2706 deinde
741 2643 923 2706 referuntur
945 2641 1074 2706 Davidis
1090 2653 1187 2728 gesta,
1205 2654 1300 2730 atque
1325 2646 1378 2732 eju

271 2769 345 2812 eum
358 2769 455 2811 uxore
473 2748 575 2811 aliena
591 2748 698 2831 lapsus
711 2757 740 2810 ei
758 2756 864 2812 secuta
883 2748 1065 2831 poenitentia
1083 2748 1302 2836 (Vll-XXIV).
1337 2746 1342 2773 ²

314 2852 347 2914 5.
362 2852 456 2915 Libro
473 2861 578 2914 autem
594 2852 686 2914 tertio
701 2848 802 2914 David
815 2852 848 2912 in
865 2858 1025 2913 senectute
1042 2850 1127 2914 bona
1142 2855 1287 2935 moritur,
1301 2852 1394 2939 po't-

271 2976 369 3042 quam
393 2974 607 3018 successorem
630 2953 689 3017 sibi
710 2954 854 3038 elegisset
869 2953 1084 3036 Salomonem,
1102 2953 1191 3040 cujus
1206 2958 1288 3041 regis
1303 2874 1392 3051 godin
1470 3015 1473 3021 .

270 3067 302 3122 et
316 3060 468 3144 sapientia
485 3058 704 3143 templumque
716 3057 758 3120 ab
775 3078 812 3119 eo
830 3056 1019 3120 aedificatum
1035 3056 1250 3142 depinguntur
1263 3061 1390 3146 (I-Xll).
1423 3040 1429 3055 ι
1478 3144 1481 3149 Ι
1527 3084 1548 3139 ‚2

270 3161 433 3224 Salomoni
450 3160 598 3223 successit
614 3159 681 3244 ejus
705 3158 788 3221 filius
805 3157 964 3240 Roboam,
988 3179 1052 3243 quo
1074 3169 1236 3243 regnante,
1260 3164 1391 3226 scissum
1474 3166 1479 3179 ‘
1548 3158 1554 3229 i

270 3264 331 3326 fuit
349 3282 496 3345 reguum,
512 3270 542 3324 et
556 3258 668 3323 decem
684 3259 784 3323 tribus
800 3280 818 3321 a
840 3256 924 3321 Juda
940 3269 971 3321 ct
995 3258 1174 3345 Benjamin,
1198 3260 1279 3325 duce
1297 3263 1393 3328 lero*

270 3365 379 3446 boam,
405 3385 472 3427 sese
491 3371 679 3446 separarunt
700 3381 900 3451 regnumque
917 3362 1126 3426 Israeliticum
1150 3366 1390 3429 constituerunt.

270 3468 476 3552 Prosequitur
490 3467 620 3529 historia
636 3466 799 3550 utriusque
819 3466 1027 3550 regulusque
1050 3463 1089 3530 ad
1113 3475 1249 3529 mortem
1267 3466 1392 3532 Achabi

270 3570 353 3654 regis
366 3569 476 3650 lsrael,
490 3578 521 3631 et
540 3568 703 3651 iosaphat,
718 3567 800 3650 regis
816 3565 907 3629 Judae
922 3567 1145 3652 (xlii-xxii),
1164 3568 1278 3632 Narrat
1293 3590 1391 3653 porro
1468 3596 1493 3605 „
1541 3598 1554 3627 ·.

268 3683 381 3737 auctor
397 3671 557 3756 praecipua
571 3671 724 3756 cujusque
739 3670 821 3752 regis
841 3679 939 3753 gesta,
966 3668 1006 3732 de
1029 3690 1223 3755 unoquoque
1242 3691 1389 3755 monens,

269 3799 311 3841 au
327 3796 439 3840 verum
455 3776 557 3838 Deum
581 3775 723 3856 coluerit,
744 3774 795 3836 vel
815 3771 906 3836 idolis
922 3774 1085 3855 servierit;
1105 3772 1191 3858 quod
1208 3784 1239 3836 et
1257 3777 1289 3837 in
1306 3774 1390 3839 libro

302 3977 337 4041 (Ι)
347 3977 399 4027 Clr.
413 3975 592 4038 Ghiringbelto,
606 3974 660 4025 rit.
676 3976 718 4023 cit.
729 3989 739 4033 ,·
752 3974 835 4034 vent,
849 3974 946 4038 script.
964 3982 1056 4024 contra
1071 3977 1168 4026 inerrat.
1178 3988 1291 4040 propag.
1307 3989 1333 4038 p.
1345 3974 1389 4038 ΙΙΙ,

269 4063 336 4112 Seet.
350 4060 380 4119 l;
392 4059 483 4108 Herbst
493 4065 519 4107 et
530 4056 621 4115 write,
633 4056 730 4116 Scholz,
744 4055 835 4115 Glaire,
848 4057 873 4104 in
888 4057 940 4106 suis
950 4055 1067 4108 lotrodd.

302 4141 400 4208 (imno
411 4140 506 4204 priores
517 4140 574 4190 libri
592 4139 648 4188 ideo
664 4138 787 4189 Samuelis
798 4137 918 4188 dicuntur
928 4138 988 4201 quia
1003 4139 1034 4189 ab
1051 4140 1107 4202 ejus
1120 4140 1233 4203 judicatu
1252 4139 1389 4203 incipiunt,
1488 4146 1490 4151 '

268 4230 295 4275 et
311 4223 371 4287 quia
385 4224 438 4286 ipse
457 4234 530 4284 reges
546 4220 619 4270 unxit
636 4232 744 4283 quorum
760 4219 862 4269 historia
884 4218 1000 4269 refertur.
1024 4220 1186 4283 Antiquiores
1207 4219 1302 4271 Hebraei
1322 4220 1388 4272 duos

268 4307 344 4358 libros
355 4305 383 4354 iu
395 4317 475 4354 uuum
485 4303 676 4366 conjungebant.
690 4301 854 4364 Bombergius
869 4300 896 4349 in
906 4301 946 4351 ed.
961 4300 1024 4351 1517
1042 4302 1068 4351 iu
1084 4302 1146 4352 duos
1159 4300 1252 4353 divisit.
1267 4302 1387 4365 Appella-

268 4390 304 4441 tio
315 4389 436 4446 librorum
453 4386 549 4449 Regum
559 4391 603 4434 aut
615 4384 758 4446 Regnorum
773 4394 804 4432 ex
815 4383 931 4434 versione
939 4394 1018 4446 graeca
1030 4382 1166 4435 derivatur.
