3168 4948
271 279 334 348 524
497 302 696 347 rnraonncrro
714 301 860 345 sanemus
877 301 910 343 m
926 301 952 346 s.
971 302 1169 347 semrruaau.

180 415 185 426 ’
272 407 389 470 chenos
401 407 586 488 collectam3
598 404 665 490 qui,
680 424 754 468 cnm
766 403 829 466 hoc
841 423 973 468 munere
986 404 1144 489 perfuncti
1157 413 1272 487 essent,
1286 405 1393 471 redie-

270 518 345 572 runt
359 509 560 573 Antiochiam
577 506 637 593 (l).

314 610 345 673 5.
369 611 455 673 Tuno
480 610 598 672 Paulus
621 616 651 671 et
677 607 852 691 Barnabas,
884 606 992 671 divino
1019 607 1152 692 Spiritus
1178 608 1285 673 Sancti
1302 608 1395 695 jussu

270 710 311 775 ad
327 714 545 798 episcopatum
564 711 705 796 provecti
718 720 749 774 ct
768 711 955 793 consecrati,
970 709 1009 774 ad
1028 710 1268 796 predicandum
1284 715 1395 777 Evan-

269 816 388 900 gelium
409 817 491 879 inter
507 823 617 900 gentes
635 813 770 899 profecti
788 824 871 893 sunt,
891 834 963 899 quac
982 824 1050 877 erat
1063 812 1171 878 divina
1187 816 1278 878 Pauli
1293 814 1396 879 desti-

269 920 366 983 natio.
382 919 526 982 Primum
548 915 628 981 illud
652 917 743 980 Pauli
761 919 819 980 iter
836 915 1030 1001 apostolicum
1048 915 1188 981 breviter
1205 916 1396 982 describitur

268 1021 301 1084 in
314 1021 437 1086 Actibus
454 1019 661 1107 (XIII-XIV),
679 1018 736 1083 ubi
752 1027 900 1082 narratur
916 1019 1052 1082 Paulum
1071 1020 1175 1104 primo
1195 1022 1317 1084 venisse
1333 1021 1396 1085 Se-

268 1124 417 1207 leuciam,
448 1121 563 1187 deinde
590 1122 740 1207 Cyprum,
759 1143 798 1184 ex
823 1142 887 1206 qua
910 1122 1026 1205 insula,
1050 1130 1219 1208 postquam
1237 1121 1279 1186 ad
1296 1122 1395 1187 fidem

269 1225 450 1313 adduxisset
465 1224 690 1310 proconsulem
706 1225 851 1309 Sergium
868 1224 1016 1307 Paulum,
1039 1226 1162 1288 transiit
1179 1226 1211 1289 in
1228 1227 1395 1311 Pamphy.-

268 1330 344 1393 liam
370 1339 400 1393 et
424 1330 594 1418 nonnullas
617 1328 821 1412 perlustravit
844 1327 1001 1410 civitates,
1031 1326 1232 1391 Antiochiam
1256 1326 1392 1410 Pisidiae,

268 1434 424 1513 Iconium,
443 1433 584 1517 Lystram
599 1439 630 1494 et
645 1430 772 1494 Derhen
789 1432 821 1493 in
836 1430 1006 1515 Lycaonia,
1022 1430 1055 1493 in
1071 1429 1186 1514 quibus
1205 1430 1283 1494 locis
1298 1430 1394 1495 Chri-

268 1543 351 1597 stum
369 1531 563 1617 predicavit.
578 1533 674 1596 Illum
687 1542 794 1596 autem
811 1530 957 1596 ordinem
975 1533 1124 1597 continuo
1140 1532 1288 1597 servabat
1305 1534 1393 1597 Pau-

268 1632 339 1720 lus,
374 1647 408 1700 ut
439 1635 536 1700 fidem
560 1636 663 1721 primo
693 1637 896 1700 annuntiaret
923 1635 1063 1717 Judaeis,
1090 1635 1205 1722 quibus
1233 1637 1392 1701 Christum

169 1792 172 1798 ,
267 1737 513 1823 repellentibuS,
535 1736 682 1823 gentibus
706 1739 840 1801 salutem
857 1736 1068 1824 praedicabat.
1093 1739 1267 1823 Postquam
1296 1740 1392 1824 igitur

267 1840 491 1926 praedicatione
511 1862 568 1904 sua
584 1840 702 1904 Paulus
723 1841 878 1924 plurimos
896 1849 964 1904 tum
982 1862 1020 1904 cx
1035 1838 1152 1905 Judaeis
1168 1850 1236 1904 tum
1253 1864 1292 1904 ex
1307 1862 1392 1927 gen-

266 1944 350 2007 tibus
362 1941 404 2007 ad
417 1942 513 2007 fidem
526 1941 719 2025 adduxisset,
728 1964 874 2006 reversus
886 1952 933 2007 est
945 1964 1018 2008 cum
1027 1943 1177 2008 Barnaba
1187 1944 1390 2009 Antiochiam

266 2048 362 2132 Syriae
377 2045 463 2110 unde
482 2071 496 2105 a
516 2044 622 2110 traditi
641 2046 768 2110 fuerant
784 2047 893 2131 gratiae
912 2047 969 2110 Dei
991 2047 1118 2132 inopus
1139 2046 1226 2133 quod
1243 2049 1390 2132 comple-

268 2159 392 2214 verunt.
414 2175 428 2209 u

310 2255 341 2316 6.
360 2253 439 2316 Cum
463 2261 570 2316 autem
585 2251 760 2316 Antiochia
776 2262 978 2316 morarentur
993 2275 1057 2316 non
1079 2250 1206 2319 modico
1231 2262 1388 2339 tempore,

268 2357 401 2419 excitata
417 2364 463 2418 est
486 2356 591 2439 gravis
608 2357 822 2419 controversia
840 2377 882 2418 an
899 2356 1007 2440 quiex
1027 2355 1172 2440 gentibus
1189 2354 1390 2420 crediderant

267 2456 457 2544 subjiciendi
472 2467 574 2540 essent
593 2458 823 2522 circumcisioni
840 2468 870 2523 et
885 2458 954 2522 aliis
970 2460 1048 2543 legis
1064 2459 1206 2523 Mosaicae
1222 2460 1389 2545 praescrip·

268 2559 425 2624 tionibus?
438 2560 545 2640 Quare
560 2558 691 2644 obligati
707 2568 778 2623 sunt
794 2560 913 2624 Paulus
934 2570 965 2623 et
978 2560 1142 2625 Barnabas
1162 2581 1235 2625 cum
1257 2561 1389 2646 quibus-

268 2662 344 2726 dam
366 2663 448 2744 aliis,
474 2663 556 2725 inter
579 2683 659 2746 quos
682 2664 767 2725 Titus
790 2663 850 2748 (ἲ),
875 2662 1049 2727 ascendere
1071 2663 1323 2749 Hierosolymam
1347 2661 1389 2727 ad
1500 2670 1504 2677 ’

268 2763 498 2851 exquirendam
511 2764 737 2849 Apostolorum
752 2766 940 2829 sententiam
954 2765 994 2830 de
1007 2767 1068 2830 bac
1081 2750 1265 2852 quaestione.
1281 2766 1342 2847 Qui
1356 2768 1389 2830 in

267 2869 401 2933 concilio
415 2868 597 2952 congregati
613 2888 686 2931 cum
699 2866 913 2932 decrevissent
931 2869 1035 2953 legem
1053 2869 1224 2933 Mosaicam
1240 2870 1388 2933 ritualem

266 2972 413 3058 gentibus
428 2972 588 3036 conversis
601 2991 665 3035 non
679 2990 746 3037 esse
771 2972 1011 3057 imponendam,
1027 2973 1144 3036 Paulus
1166 2982 1197 3035 et
1209 2972 1387 3055 Barnabas,

163 3130 167 3135 ,
267 3072 490 3137 comitantibus
514 3072 579 3136 Sila
601 3082 632 3136 et
653 3071 760 3153 Juda,
795 3075 947 3158 scriptum
976 3071 1202 3158 Apostolorum
1225 3072 1388 3136 decretum

265 3173 468 3238 Antiochiam
495 3174 679 3257 attulerunt,
705 3172 848 3259 illudque
882 3173 1029 3238 fidelibus
1060 3175 1304 3260 promulgarunt
1325 3174 1337 3259 (
1362 3174 1386 3259 ).

265 3275 359 3340 Gesta
385 3286 457 3339 sunt
483 3277 551 3339 haec
571 3276 655 3340 circa
677 3297 798 3340 annum
816 3297 885 3339 aerae
913 3277 1052 3361 vulgaris
1071 3276 1123 3340 51.
1151 3276 1246 3358 Quod
1269 3275 1390 3340 indicat

265 3378 298 3441 S.
313 3379 431 3441 Paulus
444 3377 486 3442 ad
498 3378 626 3443 Galatas
640 3377 749 3444 dicens
762 3379 809 3465 (4)
826 3402 834 3441 t
851 3381 967 3443 Deinde
976 3392 1046 3465 post
1057 3401 1153 3445 aanor
1166 3380 1388 3465 quatuordeeim

265 3484 374 3543 iterum
386 3482 507 3544 ascendi
518 3481 739 3567 «lerosolymam
751 3504 818 3545 cum
830 3483 984 3546 Bernaba.

236 3615 241 3621 ·
308 3583 339 3644 7.
358 3582 438 3647 Cum
451 3583 569 3646 Paulus
585 3582 715 3669 aliquod
733 3593 859 3669 tempus
874 3584 1094 3670 pertransisset
1108 3585 1284 3651 Antiochia
1301 3607 1389 3670 prae·

264 3683 400 3749 dicando
412 3685 752 3770 Evangelium,n1rsus
764 3687 864 3752 voluit
875 3688 1010 3752 invisere
1022 3697 1131 3773 gentes
1144 3711 1223 3775 quas
1235 3688 1278 3753 ad
1289 3689 1388 3754 fidem

263 3786 452 3851 adduxerat.
471 3788 577 3869 Quare
593 3792 753 3854 secundum
766 3791 903 3876 suscepit
918 3793 974 3853 iter
985 3792 1192 3877 apostolieum.

306 3894 337 3955 8.
352 3892 517 3956 Proiectus
530 3894 624 3978 igitur
636 3895 762 3971 Paulus,
781 3896 895 3959 comite
913 3894 989 3978 Sila,
1003 3894 1249 3980 perambulabat
1264 3895 1387 3981 Syriam

295 4074 331 4137 (Ι)
342 4073 401 4126 Act.
413 4074 466 4135 ΧΗ,
480 4075 520 4128 24.

277 4167 278 4171 ¹
295 4155 331 4219 (ἓ)
345 4156 401 4208 Gal.
415 4156 445 4218 ΙΙ,
459 4159 482 4208 l.

295 4235 330 4300 (5)
343 4237 400 4288 Act.
415 4239 469 4294 XV.

295 4319 331 4383 (t)
344 4319 402 4370 Gal.
418 4320 448 4382 ll,
462 4322 486 4371 l.
