3134 4934
224 326 291 393 560
455 343 656 388 rmaonucrro
672 344 820 387 susurris
839 345 874 386 rs
886 345 911 386 s.
928 335 1129 389 scarorum.

183 494 190 505 ,
226 447 403 527 damnent3
428 444 575 534 hortatur
598 442 801 506 Timotheum
824 451 860 506 ut
883 442 1011 508 fabulas
1033 454 1174 530 spernat,
1208 435 1361 532 penam

228 557 386 630 exerceat,
406 547 588 631 Scripturas
604 566 711 610 sacras
726 544 852 609 assidue
875 547 974 631 legat,
992 545 1090 611 fidem
1105 547 1258 633 predicet
1274 549 1359 636 (tv).

229 654 337 716 Monet
348 647 513 736 quomodo
523 648 707 712 Timotheus
717 669 828 732 gerere
840 646 1000 712 redebeat
1012 670 1088 734 erga
1101 650 1364 735 singuluslideles

229 776 288 841 pro
304 753 487 818 diversitate
502 751 600 814 aetatis
618 760 650 814 et
666 771 770 832 sexus,
785 759 817 814 et
832 751 865 814 in
886 752 991 836 specie
1012 772 1089 837 erga
1107 751 1221 819 viduas
1237 763 1268 818 et
1285 775 1363 839 erga

230 858 431 944 presbyteros
443 853 500 941 (V)
514 878 523 936 3
544 853 708 940 quomodo
733 855 888 918 instruere
911 854 1031 920 debeat
1046 876 1156 921 servos
1172 867 1210 921 ut
1225 856 1368 922 dominis

231 959 395 1042 obediant,
416 943 483 1022 'sive
505 956 617 1021 fideles
639 958 701 1020 sint
719 957 777 1037 illi,
795 957 864 1022 sive
881 956 1037 1022 infideles.
1059 959 1206 1045 Denique
1218 960 1367 1024 hortatur

230 1065 337 1149 ipsum
350 1082 460 1126 rursus
470 1059 511 1124 ad
527 1060 678 1145 pietatem
690 1067 721 1123 et
733 1069 862 1124 revocat
875 1058 987 1124 divites
998 1060 1041 1125 ad
1053 1061 1267 1127 humilitatem
1280 1062 1362 1147 (tt).

34 1152 183 1322 (ατη)
250 1164 429 1281 &docus
444 1174 559 1247 tempus
575 1173 603 1224 et
618 1182 709 1225 como
727 1161 876 1225 scribendi
889 1165 925 1224 Il
938 1162 1121 1248 Epistulam.
1140 1165 1278 1229 Paulum
1292 1187 1365 1229 eam

156 1236 337 1396 qqf‘lloma
361 1266 538 1351 scripsisse,
563 1261 641 1327 dum
665 1263 698 1326 in
721 1263 783 1327 hae
806 1263 888 1328 urbe
911 1265 1056 1349 captivus
1078 1263 1301 1349 detinebatur,
1326 1287 1366 1330 ex

233 1372 302 1455 ipsa
313 1368 454 1454 Epistola
470 1366 681 1430 certissimum
694 1374 751 1430 est.
767 1365 939 1450 Apostolus
951 1369 1071 1454 quippe
1085 1389 1148 1432 non
1160 1369 1265 1432 solum
1277 1368 1366 1432 affir-

233 1482 301 1536 mat
312 1474 353 1558 (Ι,
369 1471 402 1556 8)
415 1493 447 1535 se
463 1473 603 1543 uinctam,
621 1467 676 1532 sed
690 1470 821 1554 insuper
832 1470 875 1534 ait
888 1472 928 1553 (Ι,
943 1470 1053 1556 tlt-ts)
1067 1492 1101 1535 se
1116 1473 1150 1535 ia
1166 1475 1229 1536 suis
1246 1474 1366 1537 eatenis

233 1575 437 1661 refrigerium
456 1573 617 1657 accepisse
632 1571 674 1636 ab
687 1571 899 1658 Onesiphoro‚
920 1575 975 1658 qui
996 1565 1134 1638 Romam
1150 1577 1281 1640 veniens
1297 1577 1366 1642 sol-

234 1679 320 1743 licite
343 1698 417 1741 eum
440 1676 584 1761 quaesivit
604 1673 710 1739 donec
735 1676 891 1740 inveniret
907 1677 963 1762 (11,
986 1678 1024 1760 93
1050 1677 1105 1760 tv,
1125 1679 1157 1761 6,
1178 1679 1245 1763 tlt).
1264 1680 1366 1744 Porro

209 1851 212 1855 ,
233 1780 326 1846 divus
350 1779 521 1865 Apostolus
543 1778 718 1861 Epistulam
741 1777 857 1842 direxit
874 1777 922 1842 ed
939 1778 1153 1863 Timotheum,
1171 1791 1207 1845 ut
1227 1802 1301 1845 eum
1324 1781 1366 1846 de

233 1906 292 1951 suo
309 1883 413 1950 officio
430 1881 572 1947 erudiret
587 1891 684 1967 atque
700 1882 845 1945 incitaret
856 1881 1108 1993 adareniendum
1124 1885 1261 1949 Romam
1278 1883 1366 1968 apud

234 2009 278 2052 sc.
294 1987 479 2051 Timotheus
497 1995 573 2049 tunc
587 1983 775 2065 morabatur
790 1984 815 2048 E
840 1986 932 2069 hest,
946 1995 981 2050 ut
994 1987 1153 2072 colligitur
1170 1988 1366 2073 expluribus

233 2092 381 2177 Epistola
398 2090 476 2153 loeis
488 2088 528 2173 (Ι,
547 2087 600 2170 15,
615 2087 669 2170 183
684 2087 739 2169 lv,
755 2088 797 2151 to
836 2088 932 2152 Jubet
947 2090 1032 2152 enim
1045 2088 1215 2174 Apostolus
1227 2093 1366 2156 salutare
1449 2134 1459 2141 -

235 2191 368 2261 domum
387 2189 590 2274 Onesiphori‚
608 2189 663 2274 qui
678 2189 794 2273 Ephesi
813 2188 980 2254 habitabat
1001 2191 1040 2276 (Ι,
1059 2190 1128 2276 ts),
1152 2190 1248 2257 Jubet
1269 2195 1365 2257 etiam

234 2298 373 2361 salutare
386 2294 537 2380 Aquilam
553 2302 584 2356 et
595 2293 774 2356 Priscillam
790 2294 846 2378 qui
860 2291 1068 2378 probabiliter
1082 2296 1115 2377 in
1131 2296 1192 2360 hac
1207 2296 1289 2359 urbe
1303 2297 1366 2361 ha-

234 2399 392 2481 bitabant,
407 2397 568 2481 simulque
578 2394 639 2481 ipsi
651 2396 684 2459 in
697 2395 888 2459 memoriam
902 2406 1032 2462 revocat
1044 2396 1193 2483 quaedam
1206 2397 1248 2462 ad
1260 2400 1367 2464 eccle·

237 2503 299 2566 sias
313 2501 395 2565 Asia
414 2500 616 2585 pertinentia.
1232 2554 1239 2561 .

277 2605 309 2669 6.
327 2603 434 2683 Quum
448 2600 542 2664 divus
557 2601 676 2664 Paulus
695 2600 745 2664 bis
760 2602 871 2665 Romae
888 2600 922 2663 in
936 2601 1061 2665 vincula
1078 2601 1174 2685 luerit
1190 2601 1366 2688 conjectus,

233 2716 382 2791 utsupra
407 2704 627 2789 probavimus,
647 2704 800 2789 quaeritur
823 2725 876 2782 an,
897 2702 1034 2768 durame
1055 2706 1164 2789 prime
1187 2707 1368 2790 captivitate

199 2805 284 2935 [vel
298 2807 434 2871 duranto
447 2808 635 2890 posteriore,
649 2807 789 2890 Epistola
803 2806 899 2870 fuerit
911 2807 1115 2892 conscripta?
1124 2808 1258 2872 Plurimi
1273 2810 1368 2874 inter-

226 2910 361 2997 pretum
373 2919 482 2974 tenent
490 2910 665 2994 Epistulam
678 2910 711 2972 in
724 2908 952 2994 posterioribus
961 2913 1053 2976 Pauli
1068 2913 1206 2977 vinculis
1215 2916 1367 3000 scriptam

235 3015 332 3079 fuisse
351 3015 448 3099 paulo
464 3020 638 3097 antequam
652 3010 693 3075 ad
714 3022 851 3076 mortem
869 3012 1051 3098 duceretur,
1062 3013 1155 3100 juxta
1169 3016 1257 3102 quod
1274 3018 1367 3104 Apo-

234 3118 332 3181 stolus
352 3117 419 3201 ipse
432 3117 498 3179 ait:
518 3118 585 3200 Epo
601 3118 683 3178 enim
692 3118 763 3199 jura
776 3115 889 3180 delibor·
906 3129 933 3180 ct
952 3129 1070 3202 tompus
1084 3119 1276 3184 resolutionis
1295 3142 1368 3186 rum

236 3222 339 3283 instat.
365 3221 483 3282 Bonam
507 3230 655 3281 certarmn
679 3218 795 3281 certavi
804 3268 812 3292 ,
838 3238 959 3282 cursam
988 3223 1195 3285 consummaui
1215 3221 1291 3305 (Ν,
1317 3223 1364 3309 6).

235 3323 370 3406 insuper
392 3321 589 3387 mentionem
613 3321 729 3405 ingerit
750 3321 865 3405 prioris
888 3321 1077 3406 captivitatis
1101 3320 1182 3407 (IV,
1215 3322 1270 3408 16)
1296 3346 1305 3387 t
1329 3327 1367 3389 l'a

235 3426 337 3507 priato
353 3445 417 3486 meu
434 3425 606 3509 defensioue
617 3444 704 3487 nemo
718 3424 796 3486 mitt
805 3410 906 3509 offuit,
920 3425 972 3487 scd
983 3445 1084 3488 omues
1098 3446 1144 3487 me
1156 3425 1368 3512 reliquercatr

235 3547 297 3589 noa
318 3525 380 3589 illis
397 3528 573 3610 imputetur.
593 3524 750 3589 Praeterea
768 3526 876 3610 plures
896 3524 1098 3589 difficultates
1120 3524 1277 3591 historica
1301 3516 1369 3593 ino-'s'

236 3624 347 3710 pedire
363 3624 512 3690 ridentur
528 3627 699 3712 quominus
719 3627 893 3712 Epistolam
913 3626 946 3689 in
962 3628 1067 3710 prima
1085 3629 1266 3712 captivitate
1285 3594 1368 3727 cont}

236 3729 386 3812 scriptam
408 3729 505 3792 fuisse
533 3738 691 3813 putemus.
715 3729 839 3792 Etenim
856 3728 986 3817 quando
1002 3729 1173 3814 Apostolus
1193 3716 1373 3829 scrihebaqi,

235 3831 352 3895 Damas
368 3841 400 3894 et
415 3831 568 3916 Tychicus
585 3834 688 3896 Roma
707 3831 841 3896 aberant
858 3833 917 3917 (Ι).
937 3832 1009 3895 Jam
1026 3842 1133 3897 autem
1150 3836 1261 3898 Rome
1284 3828 1374 3901 adei*

236 3943 309 3996 rant
324 3932 454 4020 quando
467 3935 586 3997 Paulus
598 3935 630 3997 in
644 3935 747 4019 prima
764 3936 945 4020 captivitate
957 3936 1082 4019 scripsit
1096 3934 1138 3999 ad
1153 3912 1382 4021 Colossensessp

236 4037 394 4099 Praeterea
418 4036 601 4101 Timotheus
622 4046 654 4101 et
676 4038 801 4102 Marcus
819 4037 906 4122 apud
922 4038 1112 4122 Apostolum
1130 4050 1221 4103 erant
1237 4016 1385 4126 quando‘⁸

270 4366 305 4428 (r)
316 4364 344 4415 ιι
361 4364 425 4415 πω.
440 4366 480 4430 lv,
496 4368 521 4430 a,
538 4370 579 4431 n,
592 4369 631 4420 ra.
