3132 4964
275 307 338 372 166
490 318 689 364 rmnooucno
711 317 859 362 erremus
881 320 914 361 m
936 320 962 362 s.
987 320 1186 365 scmrrunau.

179 425 182 431 ’
306 425 483 508 ,16Ιέ4444.
504 417 617 484 461“.
639 416 734 481 Liber
753 415 881 482 Barucb
901 439 1005 504 neque
1026 440 1135 484 secum
1155 430 1277 505 pugnat
1294 441 1405 508 neque

276 528 347 594 aliis
370 523 460 590 libris
481 523 579 588 sacris
602 516 801 585 contradicit.
826 520 899 584 Jam
921 520 1117 585 ostendimus
1141 543 1283 607 quonam
1306 544 1406 589 sensu

277 630 396 706 mentio
409 625 519 712 templi
528 624 702 708 ingeratur.
714 620 842 685 Barucb
852 622 934 687 bene
944 625 1046 708 potuit
1058 624 1177 688 librum
1186 645 1280 689 suum
1292 646 1405 697 coram

277 731 432 799 lechonis
450 715 576 813 captivo
600 726 706 810 legere
716 747 724 807 3
751 745 856 809 neque
878 727 964 790 enim
983 714 1026 791 ita
1045 724 1132 791 dure·
1143 725 1290 802 detentus
1306 727 1406 795 fuisse

279 833 440 921 putandus
451 840 498 897 est
509 829 691 910 Jechonias‚
705 835 816 891 utnon
828 830 988 912 potuerint
998 827 1100 894 Judaei
1111 827 1154 893 ad
1164 830 1269 914 ipsum
1284 852 1408 897 conve-

279 941 359 1003 nire.
383 934 537 1004 Videmus
554 933 641 997 enim
661 927 749 1016 quod
766 929 827 994 sub
845 929 1090 996 Evilmerodaob
1110 952 1251 997 summos
1267 933 1408 998 bonores

279 1039 415 1124 adeptus
429 1037 490 1101 fuit
502 1035 562 1120 (1).
580 1033 721 1116 ieelim,
741 1031 860 1120 dequo
881 1034 1009 1101 Barucb
1021 1034 1061 1121 (l,
1080 1035 1114 1122 7)
1130 1038 1212 1121 agit,
1227 1041 1408 1123 praecipuus

279 1153 313 1208 et
324 1143 458 1207 fortasse
474 1139 624 1224 princeps
636 1137 697 1217 fuit
708 1135 923 1221 sacerdotum,
938 1139 994 1223 qui
1005 1149 1225 1205 remanserant
1236 1140 1270 1205 in
1280 1138 1407 1223 tudes,

282 1256 315 1314 et
336 1253 461 1331 patrem
485 1241 599 1305 habuit
618 1239 781 1322 Heleiam3
805 1239 906 1311 frater
924 1241 1020 1325 igitur
1044 1242 1104 1306 fuit
1125 1242 1257 1325 Ararim,
1280 1241 1320 1307 de
1341 1265 1410 1330 quo

282 1348 390 1413 lPer.
405 1346 461 1427 Vl,
477 1343 530 1408 15.
546 1342 739 1424 Balthasssr,
754 1339 795 1405 de
809 1363 872 1428 quo
885 1341 1048 1427 anserino,
1063 1345 1113 1407 vel
1126 1344 1222 1409 fuerit
1237 1344 1321 1409 filius
1336 1346 1411 1431 pri-

283 1450 461 1534 mogenitus
496 1444 829 1529 Nabuchodonosoris,
856 1447 907 1509 cni
944 1466 1079 1531 regnum
1103 1446 1324 1533 destinaretur,
1351 1445 1412 1511 sed

284 1571 487 1637 praepropere
499 1548 680 1630 defunctus,
694 1546 843 1612 relidam
857 1548 953 1612 fuerit
964 1569 1038 1613 cum
1051 1549 1311 1634 Evilmcrodaoh3
1332 1571 1411 1614 nam

285 1673 375 1738 reges
393 1651 564 1738 Rabylonis
584 1651 679 1734 plura
697 1649 853 1734 gerebant
878 1652 1019 1715 nomina.
1042 1651 1173 1737 Absque
1187 1651 1263 1737 jure
1282 1661 1414 1719 conten-

241 1812 244 1818 .
285 1756 332 1821 dit
348 1758 395 1821 De
410 1758 518 1820 Wette
535 1754 568 1817 in
584 1752 666 1817 libro
684 1753 812 1816 Barucb
829 1753 960 1837 allegari
985 1754 1055 1835 loca
1076 1775 1115 1818 ex
1138 1753 1227 1818 libris
1247 1756 1413 1820 recentio-

284 1858 372 1922 ribus
388 1857 567 1941 desumpta,
591 1854 678 1941 quod
693 1856 879 1940 praelegenti
890 1856 962 1921 loca
978 1855 1021 1920 ab
1037 1858 1105 1941 ipso
1123 1855 1263 1922 indicata
1275 1858 1413 1942 patebit.

285 1961 363 2043 Quae
376 1969 483 2024 autem
496 1960 564 2023 vult
575 1980 614 2021 ex
626 1957 850 2023 Pseudo-lsaia
864 1958 1033 2044 desumpta
1049 1982 1128 2043 esse,
1143 1981 1218 2025 cum
1230 1961 1287 2025 iste
1300 1971 1414 2026 auctor

285 2063 363 2127 alibi
387 2085 453 2127 non
475 2063 586 2126 existat
610 2062 668 2125 nisi
691 2063 725 2139 in
747 2061 915 2146 phantasia
936 2063 1229 2146 Rationalistarum,
1255 2073 1413 2148 utsupra

287 2165 495 2248 ostendimus,
513 2165 646 2228 minime
659 2174 731 2228 sunt
744 2163 787 2228 ad
803 2186 884 2229 rem.
1358 2236 1361 2239 ¹

332 2274 386 2345 11.
412 2273 502 2356 Raap.
525 2271 566 2333 aa
589 2271 642 2333 2²¹.
667 2269 797 2353 Antiqui
822 2269 942 2351 Patres,
974 2278 1008 2332 ut
1036 2290 1132 2354 supra
1155 2278 1316 2334 ostensum
1340 2277 1387 2333 est
1400 2317 1411 2351 ‚

287 2376 468 2459 allegarunt
479 2371 600 2435 librum
608 2370 738 2446 ¹Barucb
751 2380 905 2456 tanquam
918 2371 1114 2456 Scripturam
1134 2369 1288 2436 divinam.
1304 2370 1414 2435 Omit-

288 2479 365 2541 titur
379 2485 486 2540 autem
498 2477 532 2538 in
545 2474 690 2559 pluribus
702 2474 871 2558 Scripturae
884 2474 1072 2558 canonibus,
1088 2476 1139 2538 vel
1152 2476 1228 2560 quia
1243 2473 1414 2539 deficiebat

286 2580 322 2643 in
334 2599 456 2642 canone
467 2574 664 2658 Judaeorum,
679 2596 775 2660 quem
788 2577 898 2641 Patres
918 2576 1153 2662 suscribebant,
1170 2578 1221 2641 vel
1239 2578 1314 2663 quia
1328 2576 1411 2641 libro

288 2681 434 2745 teremia
452 2678 707 2765 conjungebatur
725 2690 757 2743 et
776 2679 836 2744 sub
855 2678 923 2766 ejus
943 2681 1072 2744 nomine
1092 2680 1241 2746 veniebat
1258 2690 1413 2766 tanquam

291 2803 392 2847 unum
410 2802 483 2846 cum
502 2803 540 2845 eo
557 2783 709 2865 volumen
729 2782 911 2847 efformans.
927 2784 1010 2847 Hinc
1022 2783 1054 2847 S.
1074 2785 1180 2848 Melite
1192 2783 1318 2848 Barucb
1336 2783 1412 2868 qui-

205 2958 207 2962 ,
236 2924 238 2929 ,
279 2885 365 2950 dem
378 2886 410 2948 in
423 2905 480 2948 suo
497 2905 619 2949 canone
637 2868 762 2967 oroittit,
786 2906 860 2949 eum
878 2907 954 2950 vero
974 2895 1010 2950 ut
1028 2885 1224 2970 scripturam
1240 2886 1358 2970 allegat
1379 2886 1413 2948 in

291 2985 389 3052 Clavi.
412 2985 535 3049 Pariter
555 2985 707 3071 Origenes
727 2988 760 3049 in
782 3007 904 3051 canone
924 3008 981 3051 suo
1006 2987 1085 3050 nibil
1107 2986 1148 3052 de
1168 2988 1296 3051 Barucb
1316 2987 1414 3052 babet

290 3088 347 3154 sed
371 3109 446 3153 enm
469 3088 662 3172 Prophetam
696 3089 838 3174 appellat
861 3089 993 3175 ejusque
1018 3090 1136 3154 librum
1160 3090 1413 3179 utScripturam

292 3194 367 3257 citat
383 3180 444 3275 ’(2).
464 3190 496 3253 S.
523 3189 713 3254 Athanasius
730 3191 848 3255 librum
866 3192 993 3257 Barucb
1011 3192 1043 3254 in
1064 3213 1187 3257 canone
1205 3193 1363 3265 recensuit
1382 3201 1416 3257 et

292 3295 411 3378 pluries
422 3294 455 3355 in
471 3293 534 3355 suis
546 3294 670 3377 scriptis
681 3294 830 3378 allegavit
843 3293 903 3380 (5)
917 3295 949 3358 S.
964 3295 1103 3359 Hilarius
1116 3297 1147 3359 in
1160 3318 1282 3360 canone
1299 3316 1415 3360 recen-

292 3405 339 3460 set
356 3394 529 3478 Epistolam
546 3395 692 3458 Jeremiae
710 3396 797 3479 (Bor.
820 3396 878 3482 Vl)
894 3406 925 3460 et
940 3401 973 3459 io
989 3396 1078 3461 Pool.
1097 3397 1272 3462 681ibrum
1288 3397 1416 3462 Barucb

294 3495 354 3560 sub
367 3495 496 3559 nomine
508 3494 654 3558 Jeremiae
668 3493 808 3560 adducit.
827 3498 1022 3561 Recensetur
1036 3499 1130 3561 etiam
1144 3498 1228 3562 liber
1239 3498 1367 3562 Barucb
1383 3499 1415 3561 in

295 3619 416 3662 canone
435 3597 560 3660 concilii
577 3596 759 3662 Laodiceni.
779 3598 876 3662 Divus
893 3596 1024 3684 quidem
1043 3600 1255 3686 Hieronymus
1273 3600 1363 3663 illum
1382 3600 1415 3662 in

287 3702 478 3777 recensione
499 3720 556 3763 sua
579 3701 693 3782 omisit,
718 3699 786 3783 sed,
811 3711 846 3765 ut
869 3704 935 3786 ipse
956 3700 1057 3786 addit,
1082 3725 1140 3788 pro
1163 3704 1225 3768 hac
1247 3703 1415 3768 omissione

294 3804 451 3868 maledieto
462 3803 499 3865 ab
513 3803 649 3867 omnibus
662 3803 851 3887 prestolatus
869 3816 922 3869 est.
941 3805 1081 3869 Ecclesia
1102 3807 1208 3891 igitur,
1227 3809 1296 3892 ipso
1321 3807 1416 3870 etiam

294 3909 488 3992 Hieronymo
499 3915 589 3989 teste,
607 3906 734 3972 Barucb
750 3908 831 3970 inter
846 3907 1024 3992 Scripturas
1040 3910 1241 3983 numerabat.

328 4085 364 4149 (l)
377 4087 469 4137 larem.
486 4088 538 4150 ul,
555 4089 597 4139 51.

329 4165 365 4231 (2)
379 4166 480 4219 Potrot.
491 4182 532 4234 pr.
543 4169 584 4230 Xl,
600 4169 656 4230 1953
669 4167 722 4229 llll,
738 4167 811 4219 loll.

283 4240 288 4253 '
330 4249 365 4315 (a)
378 4251 476 4302 raerot.
488 4250 625 4318 9r.xxv1;
638 4252 710 4314 uss,
726 4249 1019 4317 raseamaxxvu,
1032 4253 1090 4306 aas.
