3142 4964
382 318 384 325 ¹
423 347 500 421 rsus
513 348 536 391 1.
552 345 699 391 esrurrv.
716 346 753 389 nn
765 347 862 392 tuuis
881 347 997 395 arcun.
1229 325 1273 392 ⁷5

123 435 130 444 ’
150 450 243 535 plura
267 449 384 512 saecula
406 446 547 512 advenas
569 448 778 533 permansisse
801 449 971 516 incudem
1003 452 1075 515 loco
1098 449 1156 537 (1).
1182 448 1277 533 Quod

110 602 117 614 ,
150 561 236 637 gesta
260 572 375 636 regum
397 550 481 614 Juda
506 560 536 614 et
559 550 658 614 Israel
683 552 805 634 attinet,
825 551 923 616 iidem
944 563 1090 618 auctores
1116 562 1225 618 tenent
1241 574 1279 616 ea

148 656 267 740 pariter
287 676 306 717 a
327 653 460 718 diversis
488 653 673 717 auctoribus
699 652 890 739 diversoque
912 664 1057 740 tempore
1079 655 1175 719 fuisse
1199 675 1279 718 exa-

148 768 229 823 rata.

191 863 223 924 7.
244 862 291 924 Ex
308 858 399 924 dictis
411 831 723 969 sequiturffrc‘ertam
737 861 856 944 pariter
871 882 938 925 esse
955 870 1078 925 atatem
1097 882 1161 947 qua
1176 865 1290 926 unus-'

122 1017 125 1026 .
151 966 287 1050 quisque
306 963 388 1026 liber
410 962 513 1026 editus
531 962 637 1024 fuerit.
653 960 747 1029 ,Illud
768 971 875 1026 tamen
892 963 1101 1047 probabiliter
1124 963 1277 1029 affirmari

128 1085 129 1091 ’
151 1089 241 1152 posse
257 1064 395 1148 videtur,
410 1064 509 1157 libros
525 1066 651 1149 Regum
664 1064 915 1149 Paralipomenis
930 1067 1125 1152 antiquiores
1140 1089 1220 1151 esse,
1234 1070 1277 1131 si-

152 1170 283 1256 quidem
307 1179 419 1233 auctor
433 1167 529 1253 hujus
554 1168 627 1231 libri
648 1170 760 1252 sepius
780 1170 933 1232 lectorem
952 1152 1083 1235 remittit
1105 1170 1146 1235 ad
1167 1171 1278 1234 librum
1359 1177 1366 1203 ⁴

151 1275 265 1359 Rapum
290 1273 373 1334 dudo
397 1284 425 1334 et
453 1270 560 1344 Israel,
586 1291 650 1356 quo
676 1271 804 1334 nomine
829 1270 988 1357 designari
1011 1283 1134 1337 nostros
1151 1276 1278 1360 Regum

148 1377 246 1440 libros
263 1396 327 1438 non
344 1372 560 1458 improbabile
576 1382 623 1436 est
642 1373 677 1459 (2

34 1522 69 1569 ,-
191 1480 224 1542 8.
246 1477 335 1539 Fides
362 1475 506 1538 historico
534 1497 568 1537 ae
591 1475 746 1538 diuinitus.
804 1479 929 1540 uamvis
948 1476 1064 1541 dubius
1091 1479 1129 1542 sit
1152 1488 1277 1574 auctor,
1341 1459 1444 1587 ὼς.)

82 1512 158 1637 ¹i¹‘
151 1581 181 1643 in
205 1577 343 1642 dubium
363 1586 471 1640 lamen
491 1597 556 1639 non
579 1584 746 1639 versantur
767 1598 818 1639 res
840 1577 872 1640 in
896 1578 985 1642 libris
1007 1581 1133 1664 Regum
1156 1584 1277 1645 relatae

152 1681 277 1745 Etenim
301 1688 424 1761 auctor,
449 1679 594 1764 quisquis
618 1679 671 1742 illc
692 1678 805 1762 fuerit,
830 1678 872 1743 ad
896 1701 1009 1744 manus
1038 1681 1149 1747 habuit
1174 1682 1278 1747 docu-
1358 1556 1512 1841 <¹17

152 1793 259 1882 menta
277 1782 458 1845 authentica
477 1780 648 1865 exquibus
666 1782 881 1851 narrationem
904 1804 995 1847 suam
1011 1784 1125 1848 hausit
1144 1786 1180 1848 Iu
1197 1788 1280 1850 seri·
1338 1788 1367 1847 >l

154 1852 267 1949 bandis
282 1882 407 1973 duobus
424 1882 583 1967 prioribus
607 1884 734 1967 Regum
760 1882 860 1966 libris,
884 1893 998 1967 praeter
1022 1883 1224 1950 traditionem
1248 1897 1280 1950 et
1369 1877 1440 1963 (Η

154 1968 363 2051 monumenta
375 1986 450 2066 alia,
467 1993 580 2069 praesto
597 1984 655 2069 ipsr
647 1985 801 2048 fuerunt
819 2006 857 2049 ea
870 2007 968 2070 opera
984 2007 1055 2071 quae
1070 1987 1156 2052 hisce
1173 1988 1281 2051 verbis

154 2093 185 2154 in
207 2090 299 2154 libris
320 2089 588 2172 Paralipomenon
609 2086 658 2173 (5)
682 2085 890 2150 iudicantur.
918 2088 1009 2170 Geato
1030 2101 1129 2152 aetem
1151 2090 1279 2153 Danielis

153 2198 229 2279 repis
243 2183 354 2278 mdes
371 2204 399 2255 et
417 2194 580 2255 uouisst'ma
597 2193 711 2274 scripta
728 2201 798 2253 suat
816 2193 849 2252 iu
866 2188 940 2253 libro
953 2191 1107 2279 Scutariis
1122 2194 1158 2256 V
1155 2194 1277 2266 edetttes

154 2310 179 2360 et
202 2301 235 2360 ite
260 2296 336 2360 titre
359 2294 484 2358 Notitae
505 2293 680 2378 Prophetae,
705 2304 794 2379 utque
817 2296 889 2356 itt
871 2274 1022 2358 columine
1045 2296 1114 2385 Geel
1135 2297 1277 2359 tridentis

153 2404 213 2467 Pro
227 2392 354 2467 duobus
366 2399 593 2486 posterioribus
604 2400 694 2464 libris
706 2422 780 2465 usus
793 2411 838 2466 est
850 2403 1019 2467 annalibus
1029 2394 1119 2489 regni
1136 2405 1280 2469 Salomo-

154 2507 201 2569 nis
216 2517 247 2570 et
263 2506 401 2569 aliorum
420 2525 533 2589 regum
553 2502 637 2568 Juda
655 2513 686 2567 ct
703 2480 825 2613 lsraefl
836 2503 878 2568 ad
897 2526 968 2590 quae
986 2508 1137 2571 continuo
1151 2511 1282 2572 remittit
1377 2503 1378 2506 '

154 2607 201 2671 his
224 2617 281 2671 aut
305 2604 460 2669 similibus
483 2604 589 2669 verbis
616 2628 624 2668 z
648 2606 808 2691 Reliquum
839 2607 995 2672 cuborum
1024 2609 1217 2686 Solomonis,
1253 2624 1282 2675 et

154 2713 256 2774 oatnia
273 2729 340 2794 quta
353 2708 434 2792 fecit,
458 2719 486 2770 et
502 2710 651 2792 supientia
675 2709 739 2792 ejus
757 2732 766 2768 :
785 2730 845 2772 ecce
869 2712 1010 2774 uniuerso
1032 2715 1281 2796 scripturientis

154 2812 229 2877 libro
240 2812 398 2877 amborum
412 2812 528 2873 dierum
550 2810 733 2875 Solomonis.
756 2811 884 2897 Reliqua
902 2825 1001 2876 nutem
1017 2815 1170 2878 amborum
1188 2819 1282 2880 Jeru-

154 2916 295 2980 boaut....
323 2917 436 2999 scriptu
461 2925 534 2978 sunt
561 2917 594 2977 ia
619 2913 694 2977 libro
720 2913 876 2978 uerborum
897 2917 1014 2980 dierum
1038 2941 1141 3003 regum
1170 2920 1279 2983 lsrael.

186 3232 223 3298 (l)
232 3231 285 3283 Cir.
301 3232 314 3282 I
326 3231 383 3296 Rea.
394 3231 424 3291 t,
436 3231 460 3282 5.
472 3232 590 3282 dtumen
602 3231 615 3281 I
626 3231 684 3297 Reg.
697 3231 792 3292 xxvtt,
806 3230 822 3280 6
834 3231 928 3296 legitur
940 3246 947 3282 z
958 3232 1033 3283 Iledit
1042 3233 1128 3298 itaque
1137 3234 1162 3283 ei
1171 3234 1280 3299 (Dandi)

155 3318 233 3368 Actis
243 3317 272 3366 iu
285 3316 327 3366 die
341 3315 388 3364 illo
403 3315 498 3380 siceleg
512 3320 622 3379 propter
639 3327 717 3379 quam
732 3327 839 3364 causam
855 3316 928 3379 (ceto
945 3321 983 3366 est
996 3316 1094 3383 siceleg
1108 3330 1197 3382 repunt
1213 3318 1282 3368 ludo

154 3414 233 3464 usque
249 3398 355 3449 indiam
371 3397 446 3446 tuac.
460 3396 558 3458 Quibus
572 3397 656 3447 rerbIs
673 3396 745 3447 innui
761 3396 862 3448 ridetur
878 3397 988 3460 primum
1004 3398 1100 3462 Regum
1111 3398 1203 3450 librum
1218 3401 1280 3452 scri·

98 3484 100 3487 ’
155 3489 227 3546 ptum
242 3481 320 3533 Inime
333 3493 364 3531 eo
387 3486 502 3544 tempore
524 3493 575 3543 quo
596 3493 669 3545 reges
689 3480 753 3531 Iuda
774 3480 995 3544 distinguebantur
1015 3493 1030 3530 a
1051 3481 1156 3546 regibus
1172 3482 1279 3534 Israelis.

155 3563 246 3614 Forsan
263 3569 349 3614 tamen
368 3562 442 3613 aliter
458 3568 544 3613 textus
564 3561 670 3625 intelligi
687 3563 792 3624 poterit,
810 3562 846 3613 ita
862 3575 954 3626 nempe
971 3569 1000 3613 ut
1019 3562 1134 3614 dicamus
1154 3570 1282 3619 auctorem

155 3645 352 3708 generalioribus
367 3644 449 3695 verbis
464 3656 538 3694 usum
550 3643 611 3694 nibli
622 3643 692 3695 alind
703 3643 845 3708 significare
861 3645 971 3695 rolutsse
987 3658 1033 3708 per
1044 3658 1117 3709 reges
1131 3645 1194 3698 luda
1206 3661 1282 3711 quam

156 3739 227 3791 reges
240 3727 358 3786 nationis,
369 3726 443 3788 cujus
454 3725 536 3776 tribus
553 3725 616 3776 Iuda
632 3725 793 3788 priupralIor
806 3732 868 3786 erat,
887 3726 912 3776 id
931 3733 980 3785 est.
994 3739 1066 3790 reges
1080 3728 1159 3778 totius
1175 3729 1285 3778 nationIs

156 3807 306 3859 israelitica.
321 3809 400 3858 Porro
415 3820 487 3870 reges
498 3807 591 3857 dixerit
604 3820 648 3869 pro
663 3814 762 3869 regest
775 3808 943 3872 designaverit
957 3809 1076 3860 Davidem
1089 3810 1134 3872 qui
1144 3823 1222 3874 super
1235 3810 1283 3861 tri·

156 3889 216 3940 bum
229 3889 300 3940 luda
318 3887 466 3952 regnaverat
483 3894 618 3951 antequam
632 3895 724 3939 cetere
735 3889 818 3939 tribus
828 3890 852 3939 ei
865 3897 992 3952 parerent.
1013 3890 1108 3940 Idcirco
1124 3904 1197 3954 reges
1213 3891 1284 3941 Iuda

157 3972 242 4034 potius
254 3984 330 4035 quam
340 3970 439 4021 Israelis
447 3970 549 4021 dixerit.
565 3969 678 4021 Fortasse
693 3970 768 4021 etlam
784 3970 842 4022 ideo
853 3985 927 4035 reges
938 3971 1001 4023 luda
1013 3972 1104 4023 dixerit
1115 3973 1174 4037 quia
1185 3974 1285 4037 Siceleg
1310 3979 1314 3987 ’

157 4054 217 4104 abur
227 4053 308 4104 tribui
326 4053 396 4103 Iudae
412 4052 568 4115 pertinuerat
584 4057 611 4101 et
624 4065 670 4115 per
685 4052 824 4104 cessionem
840 4053 928 4104 llavidi
945 4052 1036 4104 laetam
1055 4054 1086 4103 ad
1103 4054 1167 4109 banc
1187 4056 1285 4108 tribunt

158 4135 266 4187 redibat.

130 4247 143 4258 ι
189 4216 226 4279 (2)
237 4215 293 4267 tid.
305 4215 319 4266 I
328 4217 389 4265 Par.
404 4215 445 4276 lx,
459 4215 469 4265 t
484 4230 491 4278 ;
507 4214 533 4267 II
544 4215 608 4266 Par.
623 4215 696 4278 tut,
708 4214 757 4283 263
772 4213 867 4278 tutu,
877 4218 911 4280 I;
930 4215 1036 4278 xxvlll,
1055 4215 1101 4283 titt
1118 4217 1215 4282 xxxu,
1233 4219 1284 4284 δὴ

158 4297 253 4360 ixit,
267 4295 314 4357 263
330 4296 437 4358 xxxvl,
448 4297 473 4347 8.

190 4380 248 4447 (ill
260 4380 350 4430 Paral.
362 4379 446 4444 xxm,
457 4379 498 4431 29.
