3142 4964
271 277 314 338 ta
508 295 708 338 rnraouucrro
723 294 871 337 sanemus
884 294 917 334 m
938 295 963 334 s.
983 293 1182 335 scarrrmnn.

246 400 247 404 ’
271 388 328 457 nes
351 396 460 460 cultris
483 393 631 479 lapideis,
657 393 712 457 diu
733 402 805 478 post
829 392 1064 476 ferri.aerisque
1084 390 1310 474 inventionem,
1329 414 1409 457 usos

269 519 350 582 esse,
362 497 521 563 distinctio
538 498 594 561 illa
610 499 708 562 trium
725 506 854 560 aetatum
873 515 944 580 quae
970 494 1029 558 sibi
1050 497 1259 560 successerint
1275 518 1297 559 n
1317 518 1340 559 n
1359 498 1408 560 ita

270 601 363 667 lirum
373 600 512 666 videtur.
526 600 684 665 Deficiunt
701 603 798 664 etiam
811 601 977 682 hucusque
990 607 1180 682 argruaenta
1198 597 1239 662 ad
1252 518 1409 663 dedaleu-

269 703 348 768 dam
363 713 488 768 etatem
509 701 626 767 ossium
646 702 798 787 (ossillum
815 703 1042 786 speluncarum
1066 710 1097 763 et
1116 703 1406 767 instrumentorum

203 881 205 886 ¹
270 828 310 870 ex
334 809 422 872 silice
440 809 473 871 in
496 828 595 871 arena
611 802 703 871 vallis
725 805 866 869 Suminae
885 804 1084 869 effossurum.
1103 804 1291 890 Discrepant
1313 806 1404 868 enim

268 911 331 975 hac
346 908 387 975 de
400 931 434 973 re
447 912 608 974 sententie
620 910 828 994 geologorum
841 908 901 993 (l).
919 908 964 970 De
978 906 1107 972 Vibraie
1120 907 1212 969 sentit
1224 926 1263 970 ex
1275 909 1313 971 iis
1328 926 1403 990 quae

270 1013 437 1098 bucusque
454 1013 627 1097 ageologis
639 1011 763 1075 detecta
779 1020 851 1073 sunt
863 1030 954 1094 posse
969 1007 1100 1093 quidem
1122 1009 1214 1071 statui
1235 1009 1402 1071 hominem
1487 1044 1495 1056 .

267 1116 363 1178 simul
379 1115 531 1179 exstitisse
552 1136 626 1179 cum
645 1115 805 1179 nonnuliis
827 1113 1015 1176 animalium
1031 1110 1195 1194 speciebus
1212 1108 1401 1194 deperditis,

268 1216 477 1302 quandonam
490 1240 566 1281 vero
581 1219 646 1281 istae
657 1218 778 1301 species
792 1218 853 1279 siut
869 1213 1054 1299 deperditae,
1072 1223 1127 1277 111
1142 1234 1160 1275 1
1176 1235 1241 1297 quo
1253 1222 1401 1297 tempore

266 1321 364 1384 bomo
377 1322 511 1384 interris
524 1322 688 1393 existatex
697 1321 826 1383 scientia
840 1319 1004 1402 geologioa
1017 1315 1142 1381 definiri
1154 1337 1219 1380 non
1228 1337 1320 1400 posse
1334 1316 1397 1401 (2).

266 1424 373 1507 Agger
390 1433 498 1487 autem
517 1423 640 1486 telluris
662 1431 866 1486 coacervatus
883 1419 923 1483 ad
941 1441 1013 1483 oras
1034 1419 1193 1501 Mississipi
1215 1417 1334 1481 nedum
1355 1418 1401 1482 ad

266 1533 387 1587 tantam
400 1526 622 1609 antiquitatem
636 1523 967 1607 attingat,rccentioris
981 1522 1111 1585 omnino
1127 1521 1323 1584 formationis
1336 1530 1396 1601 est,
1495 1507 1501 1517 ’

266 1625 355 1711 quod
367 1624 587 1690 demonstrant
600 1646 689 1689 novae
702 1623 743 1687 de
759 1626 821 1688 hac
833 1646 868 1687 re
885 1634 1037 1707 susceptae
1053 1623 1271 1707 inquisitiones
1287 1645 1305 1685 a
1322 1623 1399 1685 viris

266 1728 358 1810 geolo
384 1729 420 1790 ire
430 1729 539 1812 peritis
551 1727 610 1812 (5).
1022 1771 1024 1778 -

82 1802 219 1920 aalys
312 1747 529 1930 miliciarum
545 1829 646 1914 probo
663 1830 900 1894 observandum
914 1841 971 1912 est,
990 1832 1117 1914 Moysen
1135 1832 1166 1892 in
1185 1826 1397 1893 describendo

131 1922 196 2035 :st-,lt
212 1904 219 1936 ι
266 1931 377 1997 mundi
394 1932 520 2016 opificio
537 1934 598 1997 hoe
614 1934 773 2016 praecipue
794 1932 980 2014 intendisse,
997 1943 1032 1996 ut
1046 1931 1164 1996 ludaeis
1180 1953 1289 2002 veram
1306 1932 1397 2015 ipso-

164 2024 165 2027 *
264 2054 337 2098 rum
356 2035 512 2119 originem
529 2034 721 2116 ostenderet,
740 2056 869 2120 eosque,
889 2034 1108 2099 demonstrata
1125 2036 1270 2098 omnium
1286 2055 1397 2097 rerum

92 2124 144 2227 1))
153 2114 183 2187 li
198 2140 207 2171 *
265 2137 453 2201 immediata
468 2159 487 2200 a
504 2139 570 2200 Deo
587 2139 760 2217 creatione,
783 2137 824 2200 ab
842 2136 1024 2201 idololatria
1041 2146 1210 2219 averteret,
1233 2134 1275 2200 ad
1296 2156 1397 2220 quam

139 2202 160 2313 i,
182 2265 200 2323 ,3
264 2243 487 2326 propensiores
501 2250 602 2304 erant.
620 2241 727 2304 Noluit
743 2241 850 2326 itaque
866 2241 988 2324 Moyses
1004 2240 1115 2324 spiritu
1132 2239 1240 2303 divino
1251 2241 1397 2302 illustra-

65 2334 112 2413 ΙἿ
129 2320 141 2415 l
157 2326 215 2414 (ili
264 2353 314 2406 tus
321 2344 567 2435 Qum
581 2344 922 2428 ssssillfflltlumfflet
941 2364 1000 2406 nec
1016 2351 1140 2427 oportet
1151 2341 1220 2427 ejus
1234 2342 1396 2406 narratio-

264 2428 586 2527 nemfflffisffrg'ere,
603 2446 693 2529 quasi
705 2454 760 2508 aut
768 2446 919 2509 voluisset
931 2455 986 2508 aut
999 2444 1160 2509 debuisset
1172 2446 1280 2508 omnia
1293 2466 1395 2528 expuo

265 2536 342 2609 nere
357 2565 429 2631 quae
443 2566 553 2609 rerum
566 2548 760 2610 naturalium
773 2549 884 2631 peritis
896 2546 993 2612 hodie
1007 2557 1126 2632 putent.
1146 2548 1301 2613 Praeterea
1318 2568 1396 2610 usus

254 2657 312 2710 ost
324 2648 381 2711 tali
394 2667 542 2711 sermone
555 2669 664 2732 quern,
682 2651 1014 2743 nmtgoligslnonumi
1023 2660 1078 2713 aut
1089 2651 1228 2735 geologi,
1246 2648 1395 2721 sedem-

261 2761 466 2835 uepspossent
486 2751 532 2837 int
553 2728 696 2847 lligere]

215 2873 218 2878 ·
309 2853 361 2916 71.
387 2853 460 2938 01)).Ι
479 2772 672 2961 suillarum
692 2856 825 2942 ejusque
843 2856 989 2941 discipuli
1022 2856 1160 2941 probant
1177 2845 1324 2940 plurimis
1339 2878 1395 2921 ar—

265 2960 423 3042 gumentis
445 2960 619 3042 prasertim
644 2981 719 3024 vero
744 2961 799 3024 illa
823 2969 943 3024 naturae
966 2960 1065 3044 lege,
1090 2980 1188 3044 quam
1208 2959 1395 3022 selectionem
1450 2960 1483 3013 [θ’

266 3061 436 3125 outruulem
450 3062 497 3145 (4)
510 3071 638 3145 vocant,
653 3065 757 3128 varias
771 3064 959 3127 animalium
973 3064 1093 3146 speeies
1105 3081 1176 3145 quae
1189 3061 1240 3124 vel
1256 3061 1394 3125 similem

298 3333 333 3397 (1)
354 3333 447 3383 Eorum
467 3336 599 3385 sententiae
616 3336 693 3386 videri
710 3344 813 3398 possunt
829 3338 962 3397 inopere:
987 3338 1111 3386 t‘tomme
1122 3335 1211 3398 fossile
1234 3348 1264 3383 eo
1282 3334 1392 3383 Fruuee.

244 3466 247 3471 ,
265 3415 345 3473 Puris,
359 3414 473 3464 Baillere.
492 3415 564 3464 1861.
1053 3414 1055 3418 ⁴

298 3494 333 3559 (⁹2)
347 3496 472 3546 L'bomme
486 3497 583 3560 fossile,
602 3511 626 3558 p.
644 3499 701 3548 111.

298 3578 333 3640 (ὅ)
343 3577 394 3628 Cir.
411 3578 609 3641 llumpreysand
618 3580 709 3630 Abbot.
723 3581 816 3645 Report
830 3594 900 3644 upon
913 3582 952 3630 tue
961 3583 1065 3645 paysius
1084 3583 1137 3631 arrd
1147 3582 1295 3643 hydraulica
1312 3583 1344 3644 os
1351 3581 1393 3630 tlte

266 3657 409 3722 Mississtpi
426 3661 504 3709 river.
523 3660 702 3722 philadelphia,
715 3662 787 3711 1861.

298 3742 334 3804 (1)
353 3742 519 3793 Selectiouem
537 3729 824 3806 outruutemtseleetion
846 3746 979 3809 naturalia)
1000 3752 1087 3815 uocant
1101 3753 1249 3808 praetensam
1265 3744 1333 3793 illam
1350 3757 1394 3794 ua-

264 3832 329 3874 tura
339 3825 419 3887 legem
430 3814 490 3888 qua,
498 3825 570 3887 juxta
579 3837 633 3886 eos,
644 3838 658 3874 a
671 3833 759 3876 natura
769 3813 913 3892 seliguntur
924 3827 1113 3878 immutationes
1132 3826 1210 3877 utiles
1227 3827 1281 3876 enti
1297 3825 1393 3876 rivemi

264 3907 440 3967 obvenientes3
458 3920 516 3970 quae
533 3907 721 3967 immutationes
739 3910 902 3972 generatione
919 3910 954 3960 lta
970 3909 1178 3959 transmittuntur
1195 3915 1225 3959 ut
1239 3908 1298 3958 inde
1315 3908 1394 3959 ellor-

264 3994 367 4037 mentur
381 4001 451 4038 novae
468 3988 680 4052 perfectioresque
700 3989 847 4040 animalium
863 3992 968 4054 species
988 3992 1039 4045 llac
1056 4004 1118 4042 uem
1133 3992 1189 4055 lege
1199 3992 1293 4042 betam
1310 3997 1349 4041 est
1363 4000 1393 4040 ut

264 4083 288 4116 v.
306 4082 331 4130 g.
349 4069 432 4127 bomo,
451 4069 541 4120 animal
556 4070 628 4120 initio
649 4070 764 4131 informe,
782 4073 923 4124 innumeris
943 4074 1146 4136 generationibus
1164 4075 1212 4124 sibi
1235 4073 1394 4123 succedenti·

262 4151 320 4210 bus,
338 4151 467 4202 suocesive
485 4153 611 4215 acceperit
630 4154 715 4215 pedes,
730 4167 829 4216 manus,
847 4169 920 4206 aures
939 4157 1021 4218 primo
1040 4155 1169 4217 informes,
1196 4156 1288 4207 deinde
1306 4155 1393 4217 perle-

260 4230 362 4292 ctiores,
380 4234 592 4295 quemadmodum
619 4236 744 4286 hortulani
767 4238 846 4286 varias
862 4238 969 4301 alicujus
989 4239 1079 4301 plantae
1105 4240 1253 4301 propagines
1270 4244 1325 4288 arte
1345 4252 1391 4288 sua

261 4314 403 4374 perficiunt.
