3142 4964
281 333 323 395 to
498 348 698 392 rrrsooucrro
716 348 863 391 srscmers
880 346 913 387 m
932 344 957 385 s.
972 340 1172 383 semmurum.

281 453 392 515 tumet
407 459 525 512 terram
539 448 651 513 fecerit
663 449 695 511 in
710 447 878 533 principio,
892 443 1029 528 virgulta
1041 450 1149 504 autem
1164 444 1255 507 tertio
1269 445 1407 508 creatio-

281 555 329 619 nis
345 552 408 634 die,
434 560 466 614 et
480 551 549 615 haec
565 553 673 615 omnia
692 572 756 614 una
780 559 812 613 et
828 549 929 612 eodem
952 546 1000 609 die
1025 544 1109 608 facta
1126 555 1320 628 asserantur,
1338 544 1409 610 dies

281 653 322 718 de
339 675 403 739 quo
419 653 472 716 hic
488 652 592 736 agitur
604 653 782 716 necessario
794 649 835 713 de
852 660 995 732 tempore
1010 668 1075 710 uon
1095 644 1225 710 definito
1241 648 1409 732 accipien-

194 764 196 768 ’
281 756 342 821 dus
355 747 588 843 eQSimiliter
609 754 686 821 Gen.
705 755 748 836 ΙΙ,
772 756 792 817 2
817 755 906 839 Deus
918 750 1033 814 dicitur
1049 749 1183 833 septimo
1199 751 1247 813 die
1262 752 1408 834 comple-

281 860 363 922 visse
376 879 456 942 opus
468 856 556 942 quod
568 865 710 942 patrarat
722 866 753 920 et
765 854 969 941 requievisse.
981 853 1081 915 Porro
1095 851 1246 936 septimus
1259 852 1312 916 illc
1324 850 1406 932 dies,

281 960 350 1026 dies
366 961 528 1046 requietis,
547 958 616 1023 dies
634 959 771 1039 sabbati,
789 954 1018 1036 adhucdum,
1037 953 1184 1039 adeoque
1208 954 1410 1020 indefinitam

283 1062 435 1146 temporis
452 1081 576 1125 moram
594 1069 692 1125 notat.
709 1060 783 1124 Jam
799 1068 907 1122 autem
922 1068 984 1120 tres
997 1057 1120 1141 priores
1138 1058 1305 1121 creationis
1325 1056 1407 1140 dies,

283 1186 418 1251 quuma
441 1164 519 1246 sole,
540 1165 594 1248 qui
613 1161 757 1227 noudum
780 1160 925 1227 conditus
949 1169 1028 1241 erat,
1054 1180 1237 1223 mensuram
1262 1161 1410 1245 accipere

284 1268 496 1353 nequiverint,
512 1287 571 1328 nec
583 1264 652 1329 dies
665 1267 796 1349 solares,
811 1286 871 1328 nec
885 1262 953 1327 dies
965 1263 1073 1327 civiles
1087 1272 1171 1346 suut,
1185 1262 1242 1326 sed
1256 1264 1412 1348 temporis

174 1423 176 1428 .
283 1370 450 1434 intervalla
472 1389 611 1453 quorum
629 1389 778 1432 mensura
795 1358 969 1452 ignoratur.
996 1366 1159 1429 Distiuctio
1175 1366 1271 1450 igitur
1284 1368 1317 1430 in
1338 1369 1411 1451 pri-

283 1492 386 1553 mum,
404 1469 593 1552 secuudum,
618 1472 747 1534 tertium
764 1468 862 1551 diem,
883 1491 947 1533 non
971 1467 1085 1551 probet
1103 1468 1325 1554 intelligendos
1340 1492 1411 1534 esse

283 1571 351 1636 dies
365 1572 494 1657 proprie
506 1569 618 1635 dictos.
633 1572 736 1638 Voces
752 1581 860 1635 autem
876 1591 995 1654 vespere
1010 1581 1038 1632 et
1051 1590 1151 1642 mane,
1167 1569 1223 1633 ubi
1238 1591 1342 1634 sermo
1363 1580 1412 1635 est

284 1671 325 1738 de
350 1673 436 1737 hisce
453 1672 566 1736 diebus
589 1673 714 1737 nonnisi
737 1671 956 1757 metaphorice
974 1669 1136 1733 sumendae
1151 1681 1223 1734 sunt
1240 1693 1298 1756 pro
1324 1675 1412 1736 initio

284 1784 316 1839 et
330 1776 393 1860 fiae
409 1775 564 1860 cujusque
588 1776 741 1859 temporis
758 1775 850 1859 spatii
865 1795 924 1858 per
939 1773 1213 1856 comparationem
1228 1772 1271 1837 ad
1286 1783 1413 1837 nostros

190 1914 206 1937 κ
283 1878 352 1943 dies
372 1879 427 1962 qui
442 1900 531 1940 mnae
545 1878 702 1962 incipiunt
714 1887 745 1941 ct
760 1898 879 1961 uespere
892 1876 1112 1939 terminantur.
1127 1875 1212 1939 Nihil
1225 1886 1331 1940 autem
1345 1878 1414 1940 im-

284 1980 384 2067 pedit,
406 2001 508 2065 quum
529 2002 591 2044 vox
612 1981 676 2045 dies
698 1982 806 2065 plures
828 1980 947 2043 habeat
969 1977 1173 2063 significatus,
1198 2000 1267 2062 pro
1280 1981 1414 2064 reliquis

264 2085 380 2148 etiam
397 2084 566 2148 creationis
580 2081 695 2148 diebus
714 2104 828 2146 vocem
852 2083 942 2146 illam
959 2081 999 2146 de
1016 2090 1161 2165 tempore
1177 2082 1249 2165 plus
1266 2083 1413 2146 minusve

284 2184 441 2271 producto
464 2186 654 2270 intelligere.
677 2187 758 2248 Nam
775 2181 906 2270 quando
922 2182 1037 2247 dicitur
1055 2183 1171 2267 factum
1189 2195 1232 2247 est
1247 2205 1365 2268 uespere
1384 2198 1415 2247 et

282 2289 397 2373 foetum
426 2298 469 2350 est
495 2309 596 2360 ruane,
625 2288 688 2351 dies
712 2299 850 2372 quartus,
872 2308 937 2349 nou
964 2286 1115 2349 asseritur
1142 2307 1309 2370 vesperam
1338 2289 1415 2350 solis
1447 2313 1452 2321 ·

284 2409 412 2471 occasu,
440 2389 633 2453 matutinum
651 2388 720 2475 ejus
743 2399 815 2453 ortu
832 2387 987 2474 producta
1011 2408 1090 2453 esse.
1112 2388 1144 2452 Si
1169 2399 1330 2475 queratur
1355 2411 1416 2452 cur

286 2491 408 2575 Moyses
439 2510 553 2555 vocem
585 2491 648 2554 dics
676 2492 719 2555 ita
749 2491 967 2576 metaphorice
990 2491 1191 2575 usurpaverit
1218 2492 1299 2554 ratio
1320 2489 1415 2554 reddi

286 2601 401 2678 potest,
418 2592 507 2677 quod
525 2595 657 2677 Moyses,
681 2592 833 2657 inducere
849 2595 960 2657 volens
974 2592 1101 2656 Judaeos
1119 2591 1161 2656 ad
1177 2592 1415 2658 observandam

286 2697 391 2780 legem
414 2694 550 2778 sabbati,
577 2716 632 2758 sex
655 2694 723 2759 dies
746 2697 914 2760 creationis
938 2705 1047 2780 typum
1070 2716 1124 2758 sex
1148 2693 1273 2759 dierum
1297 2695 1416 2781 quibus

285 2794 403 2860 Judaeis
417 2795 534 2861 licebat
549 2797 688 2881 operari,
705 2799 875 2881 septimum
891 2818 968 2860 vero
983 2798 1144 2882 requietis,
1159 2807 1270 2882 typum
1285 2798 1409 2862 iecerit.

287 2899 371 2963 Hinc
386 2900 485 2963 and.
505 2900 577 2982 XX,
593 2900 691 2963 9-112
707 2902 766 2964 Sec
781 2900 882 2964 diebus
900 2900 1070 2984 operaberis
1086 2912 1115 2992 et
1127 2901 1220 2984 socies
1241 2923 1333 2986 opero
1348 2912 1414 2963 tuo.

288 3003 424 3088 Septimo
438 3015 537 3066 actem
553 3003 602 3066 die
616 3003 779 3067 Sabbatum
794 3005 922 3066 Domini
932 3004 992 3065 Dei
1006 3005 1052 3065 tui
1066 3015 1120 3066 est.
1139 3004 1199 3066 Sec
1218 3006 1298 3066 enim
1313 3003 1418 3067 diebus
1508 3015 1514 3028 ‘

287 3107 358 3191 feeit
373 3107 524 3169 Dominus
535 3105 640 3169 coelum
655 3117 683 3170 et
697 3118 820 3180 terram,
839 3118 866 3169 et
883 3127 978 3179 mare,
995 3117 1023 3169 et
1034 3108 1136 3168 omnia
1149 3126 1216 3190 quoe
1227 3108 1261 3169 ia
1276 3109 1318 3170 ets
1333 3117 1416 3177 suat,

288 3219 317 3270 et
331 3210 477 3291 requievit
492 3210 526 3270 ia
541 3208 589 3271 die
603 3212 741 3293 septimo.
760 3209 830 3273 Nou
846 3217 1004 3294 repugnat
1025 3209 1121 3294 igitur
1139 3209 1297 3274 Geneseos
1313 3218 1418 3272 textus

289 3308 414 3393 placitis
426 3311 637 3394 geologorum
651 3311 664 3396 (
687 3310 712 3395 y.

332 3410 387 3475 68.
408 3411 525 3476 Raram
547 3414 675 3483 instant.
695 3414 814 3477 Saltem
843 3417 964 3500 Moyses
987 3416 1108 3478 homini
1131 3414 1241 3479 tribuit
1263 3416 1422 3500 originem

290 3514 386 3578 nimis
404 3518 628 3600 recentiorem,
649 3515 807 3603 siquidem
818 3516 910 3603 juxta
931 3520 1035 3603 ipsum
1058 3540 1077 3582 a
1101 3520 1260 3583 creatione
1280 3519 1422 3582 hominis

170 3638 181 3715 ζ
292 3615 335 3681 ad
358 3627 482 3681 nostros
497 3640 599 3704 usque
614 3617 682 3683 dies
698 3640 752 3683 sex
769 3621 894 3684 circiter
914 3642 1072 3685 annorum
1091 3622 1193 3685 millia
1205 3623 1313 3705 elapsa
1333 3630 1419 3685 sunt.

227 3766 232 3785 ,
291 3720 365 3784 Jam
395 3730 502 3784 autem
525 3722 673 3807 geologi,
699 3723 841 3807 iuspecto
864 3733 956 3787 terrae
980 3724 1073 3805 sinu,
1098 3732 1129 3787 et
1153 3722 1423 3787 descendendo'a

190 3824 232 3883 θ
291 3822 459 3908 superficie
473 3823 516 3888 ad
531 3825 693 3889 interiores
711 3835 829 3911 partes,
845 3827 878 3889 in
891 3826 1106 3913 superioribus
1118 3826 1261 3911 partibus
1276 3825 1422 3910 deposita

116 3986 132 4011 χ
142 3902 162 3997 f‘
212 3908 222 3935 ⁸
291 3924 458 4021 inveniunt
473 3927 684 3992 instrumenta
698 3928 814 4012 ferrea3
833 3930 929 4014 paulo
943 3930 1076 3994 iuferius
1093 3949 1191 4013 enea,
1209 3926 1341 3993 inferius
1356 3926 1423 3991 ad-

137 4012 156 4083 ⁸.
173 4048 206 4105 χ
292 4027 358 4090 huc
369 4027 508 4113 lapidea.
524 4030 601 4094 Haec
619 4039 726 4095 autem
743 4032 965 4116 instrumenta,
981 4040 1090 4116 utpote
1110 4032 1154 4095 ab
1164 4032 1295 4095 homine
1308 4031 1423 4095 confe-

294 4137 343 4192 cta
364 4128 508 4195 indicant
519 4132 684 4198 hominem
692 4134 763 4219 jam
776 4135 927 4199 exstitisse
939 4132 1070 4221 quando
1086 4135 1144 4198 ista
1158 4144 1249 4198 terrae
1263 4133 1424 4199 substrata

1390 4256 1421 4336 a

330 4366 366 4432 (t)
377 4367 427 4419 Cir.
438 4369 544 4430 Reiute,
552 4370 726 4437 Beitropezur
737 4369 888 4438 Erttarunp
900 4373 945 4424 des
953 4370 987 4423 A.
1003 4370 1029 4423 Τ.
1043 4377 1062 4421 t.
1075 4385 1099 4421 v.
1111 4385 1136 4435 p.
1150 4370 1216 4422 152.
1229 4370 1333 4431 Monest
1346 4372 1422 4423 1863.
