3134 4934
254 294 319 358 566
484 306 685 360 inruonuerro
702 320 898 363 secernerem
914 321 940 365 s.
959 322 1160 370 semrrunnn.

256 423 323 477 tum
337 423 487 516 prestare
501 415 632 498 Angelis
648 425 679 480 et
692 418 802 504 Moysi,
817 441 875 504 per
890 442 971 506 quos
987 419 1098 487 datum
1112 435 1159 490 est
1174 437 1264 493 vetus
1277 432 1391 495 Testa-

256 527 412 582 mentum.
437 517 518 582 Nam
539 517 680 582 Christus
702 540 779 584 vere
803 531 835 585 et
860 524 989 608 proprio
1012 524 1111 589 Filius
1133 528 1191 592 Dei
1215 540 1263 594 est
1291 533 1391 619 eique

255 620 543 702 consubstantialis,
554 641 683 709 earnem
694 622 824 708 quidem
837 627 1007 712 assumpsit
1019 638 1221 717 mortemque
1234 638 1389 718 gustavit,

255 732 291 786 ut
309 721 488 787 destrueret
508 720 628 787 diaboli
658 725 853 809 imperium,
876 725 931 791 sed
954 729 1039 793 Deus
1063 735 1216 797 remansit
1233 736 1266 799 in
1290 759 1391 802 carne

255 834 418 909 assumpta
432 849 441 908 3
466 824 581 910 Angeli
611 836 762 891 econtra
787 838 884 915 atque
907 830 1028 916 Moyses
1055 833 1192 897 ministri
1219 835 1391 901 dumtaxat

255 927 384 992 fuerunt
408 937 505 1014 atquc
526 929 621 1012 servi,
638 931 695 993 Dei
707 929 798 1016 jussa
813 943 1017 1019 exequentes.
1035 935 1205 1004 Concludit
1214 941 1391 1026 Apostolus

256 1028 388 1093 firmiter
404 1027 576 1093 tenendam
592 1032 701 1095 salutis
713 1030 892 1099 doctrinam
911 1057 930 1099 a
948 1036 1071 1101 Christo
1094 1048 1125 1102 et
1145 1040 1306 1125 Apostolis
1323 1066 1390 1108 an·-

139 1184 142 1189 .
255 1132 433 1194 nuntiatam
447 1131 673 1218 miraculisque
688 1133 910 1200 confirmatam
921 1138 1029 1223 (l-IV,
1044 1140 1111 1225 14).
1127 1141 1251 1207 Transit
1268 1142 1390 1209 deinde.

255 1231 299 1296 ad
329 1230 556 1319 explicandum
579 1233 693 1298 Christi
716 1235 955 1322 sacerdotium,
981 1240 1068 1324 quod
1094 1243 1232 1307 multum
1255 1257 1391 1332 superat

255 1333 471 1400 sacerdotium
484 1336 598 1400 veteris
611 1337 713 1421 Legis.
729 1338 850 1403 Probat
860 1339 982 1423 Jesum,
991 1341 1048 1405 Dei
1063 1342 1252 1427 Filium,eas
1264 1346 1390 1435 hahere

255 1438 345 1503 dotes
362 1459 433 1525 quae
446 1440 478 1502 in
500 1437 664 1504 sacerdote
683 1442 902 1527 requiruntur,
920 1444 1097 1509 humanam
1113 1449 1167 1533 qui
1214 1470 1232 1512 e
1253 1471 1387 1514 earnem

255 1550 287 1605 et
307 1541 474 1604 homiuum
492 1538 701 1624 infirmitates,
722 1553 855 1629 excepto
870 1554 1015 1630 peccato,
1037 1547 1070 1610 in
1090 1569 1124 1611 se
1158 1551 1293 1635 useepit,
1311 1561 1343 1615 et
1365 1573 1385 1614 a

207 1711 214 1737 Ι
255 1645 322 1707 Deo
339 1643 527 1708 constitutus
541 1642 601 1707 suit
617 1642 766 1709 sacerdos
782 1645 960 1710 secundum
975 1647 1120 1714 ordinem
1135 1649 1383 1717 Melchisedech.

211 1702 313 1835 Mllis
336 1747 493 1810 interserit
517 1747 669 1811 nonnulla
689 1748 904 1813 exhortatoria
920 1731 991 1836 (lt,
1012 1751 1128 1834 15-v1,
1143 1754 1211 1838 19).
1229 1755 1338 1839 Pergit
1353 1764 1386 1819 et

255 1847 350 1914 docet
361 1849 532 1932 Christum,
549 1858 659 1935 utpote
671 1849 848 1915 secundum
865 1850 1011 1917 ordinem
1024 1855 1258 1923 Melchisedech
1275 1878 1384 1922 sacer-

255 1950 376 2035 dotem,
396 1951 603 2016 excelsiorem
616 1974 683 2017 esse
700 1952 867 2017 Abraham
880 1964 911 2018 et
927 1956 1002 2020 Levi
1018 1965 1049 2020 et
1068 1957 1216 2023 omnihus
1232 1958 1384 2026 sacerdo-

255 2053 339 2118 tibus
353 2054 497 2139 leviticis,
511 2055 633 2120 hahere
645 2055 860 2120 sacerdotium
873 2059 1101 2144 sempiternum
1114 2082 1178 2146 quo
1192 2061 1385 2148 abrogatum

255 2166 302 2220 est
318 2155 531 2221 sacerdotium
552 2157 727 2242 leviticum,
747 2180 811 2244 qno
833 2160 928 2225 etiam
945 2181 1056 2225 omnes
1076 2163 1191 2227 salvari
1211 2164 1244 2227 in
1263 2184 1380 2249 perpe·

254 2267 345 2323 tunm
369 2268 501 2344 possunt
523 2259 599 2346 (Vl,
629 2259 742 2326 aevu
751 2307 761 2343 ,
792 2261 859 2345 26).
892 2261 999 2346 Pergit
1026 2261 1195 2348 Apostolus
1216 2262 1386 2328 ostendere

255 2371 412 2448 quantum
428 2356 433 2362 ’
447 2364 587 2426 emineat
614 2384 710 2449 supra
739 2363 952 2428 sacerdotium
979 2366 1139 2430 leviticum
1167 2365 1385 2431 sacerdotium

254 2467 393 2550 chrisn3
419 2466 514 2532 docet
539 2467 699 2532 Christum
726 2489 791 2532 uuo
813 2470 915 2532 crucis
938 2468 1092 2534 sacrificio
1117 2471 1216 2533 semel
1237 2471 1385 2534 omnium

255 2578 386 2654 peecata
406 2570 560 2654 expiasse,
579 2568 665 2655 quod
691 2579 799 2655 vetera
818 2569 951 2634 sacrific'
996 2573 1091 2635 etiam
1115 2573 1228 2657 saepius
1248 2573 1385 2657 repetita

255 2673 363 2736 faeere
376 2693 440 2735 non
457 2682 604 2757 poterant
615 2673 700 2757 (Vll,
716 2672 811 2756 PCX,
830 2592 1041 2759 l8).'TMMsit
1052 2674 1094 2739 ad
1107 2676 1360 2740 exhortationem
1373 2700 1382 2767 3

255 2772 400 2839 ho'rtatur
424 2797 464 2839 nc
482 2777 579 2840 talem
595 2797 634 2841 ae
653 2786 774 2840 tantum
791 2777 979 2841 Pontificem
1003 2799 1061 2863 per
1083 2777 1300 2842 infidelitatem
1320 2778 1385 2841 ah«

249 2879 376 2966 jiciant,
389 2901 428 2944 nc
443 2878 585 2944 divinam
597 2878 768 2944 adversum
782 2901 815 2944 se
828 2890 1003 2965 provocent
1013 2882 1179 2945 ultionem.
1189 2882 1263 2946 Mox
1275 2889 1384 2945 tamen

255 2986 288 3049 in
312 3005 402 3069 spem
429 3005 468 3049 ae
492 2983 643 3048 fiduciam
667 2984 779 3068 erigit,
804 2993 836 3047 et
860 2983 1067 3049 commendat
1088 2984 1260 3070 prasertim
1284 2983 1384 3047 fidem

255 3088 424 3173 propositis
436 3087 590 3171 exemplis
607 3095 789 3150 sanctorum
805 3087 948 3169 Petrum,
969 3087 1023 3172 qui
1038 3108 1095 3171 per
1112 3085 1208 3150 [idem
1226 3087 1292 3150 Deo
1308 3086 1386 3170 pla-

256 3198 374 3271 centes,
399 3209 518 3273 magna
544 3198 575 3252 et
598 3189 680 3252 mira
698 3189 749 3252 vel
768 3198 902 3272 egerunt
918 3189 968 3253 vel
987 3189 1070 3274 passi
1086 3197 1159 3253 sunt
1173 3189 1228 3274 (X,
1247 3186 1382 3272 tet-xl).

254 3293 539 3381 Pergitllpostolus
551 3292 673 3356 hortari
685 3291 837 3363 chraeos
849 3289 892 3356 ad
906 3290 1089 3357 tolerandas
1101 3292 1233 3356 viriliter
1244 3290 1385 3355 afflictio·

256 3416 312 3458 nes
333 3396 480 3480 exemplo
499 3395 625 3474 Christi,
643 3394 738 3458 simul
755 3390 925 3457 ostenderis
942 3394 1110 3458 utilitatem
1127 3394 1330 3477 flagellorum
1353 3403 1385 3457 et

255 3493 430 3581 disciplinae
451 3506 591 3581 paternae
604 3496 705 3581 (llll).
722 3497 866 3581 Denique
881 3493 923 3559 ad
939 3496 1042 3559 varias
1064 3496 1195 3560 virtutes
1213 3516 1221 3558 ε
1241 3494 1385 3558 eharita-

255 3609 332 3682 tem‚
359 3600 618 3685 hospitalitatem,
643 3597 872 3682 obedientiam,
899 3597 1015 3662 excitat
1038 3608 1069 3662 et
1092 3587 1384 3662 salutationes'ad-

255 3701 301 3766 dit
314 3702 429 3788 tXlll).

299 3807 331 3869 4.
346 3805 429 3870 Hinc
447 3806 633 3890 intelligitur
646 3826 741 3868 eausa
755 3825 813 3867 cur
829 3802 998 3888 Apostolus
1010 3801 1052 3866 ad
1073 3801 1225 3867 Hebraeos
1245 3802 1383 3887 seripse-

254 3913 306 3976 rit.
328 3912 430 3976 Judeei
452 3914 691 3977 Palaestineuses
712 3910 842 3975 enutriti
866 3910 994 3974 fuerant
1011 3911 1043 3972 in
1065 3909 1136 3993 lege
1156 3909 1266 3995 Moysi,
1292 3907 1384 3994 cujus

255 3995 460 4080 ceremonias
478 4016 590 4101 procul
610 4013 710 4079 dubio
732 4014 966 4099 religiosissime
988 4010 1225 4094 observabant3
1244 4012 1389 4096 amplexi

256 4135 352 4197 porro
376 4126 467 4180 erant
487 4114 585 4180 fidem
599 4116 725 4197 Christi,
744 4115 855 4178 Jesum
876 4123 911 4177 ut
930 4115 1123 4199 promissum
1145 4112 1177 4176 in
1201 4112 1285 4198 Lege
1309 4111 1384 4198 ⁸³¹?

256 4226 398 4281 vatorem
415 4217 590 4283 habebant.
609 4216 671 4282 Sed
696 4218 892 4282 ceremoniis
910 4216 1056 4281 Mosaicis
1079 4216 1121 4279 ita
1140 4213 1260 4279 addicti
1278 4225 1381 4299 erant,

255 4327 291 4382 ut
307 4319 569 4404 quamvislesum
588 4342 647 4407 pro
660 4321 772 4386 Messia
789 4320 993 4406 recepissent,
1002 4340 1026 4384 ‘a
1040 4319 1124 4404 Lege
1140 4326 1248 4382 tauron
1263 4315 1382 4384 nhduei
