3142 4964
11 4270 20 4307 l

457 351 532 394 raas
548 352 571 393 1.
588 349 681 392 orror
696 352 720 393 1.
738 348 777 391 ou
794 348 1016 391 ruuraracoao.
1261 329 1302 395 17

213 448 350 514 Ph‘Sed
374 449 532 534 fingamus
554 470 629 513 cum
645 448 862 513 Rationalistis
880 447 1042 530 exstitisse,
1064 446 1125 510 sub
1143 447 1230 512 Josia
1250 449 1303 513 rel

171 555 267 639 paulo
290 563 377 641 ante,
400 555 506 619 nescio
529 574 627 640 quem
652 562 886 638 corruptorem,
911 554 966 615 toti
990 549 1152 616 traditioni
1172 573 1301 637 prorsus

170 656 328 740 ignotum,
355 667 385 721 et
408 658 523 721 saeculo
546 654 672 720 decimo
705 676 790 719 nono
813 655 844 717 in
876 654 996 738 templo
1017 654 1301 718 Rationalistarum

170 757 310 844 denique
333 760 511 841 inventum,
537 760 592 844 qui
613 756 761 844 quadam
789 757 970 841 fragmenta
993 765 1023 819 et
1047 754 1176 820 decreta
1203 757 1300 841 Moysi

170 861 286 925 tributa
301 883 444 945 assuens,
463 861 578 925 exinde
597 863 757 945 integrum
773 861 881 945 legum
901 857 1058 934 codicem,
1075 880 1185 923 omnes
1198 860 1302 924 cultus

169 965 309 1048 religiosi
326 966 543 1046 caeremonias,
563 964 698 1050 vitaque
720 964 822 1027 civilis
836 971 867 1027 et
884 961 1065 1026 domestica
1084 983 1190 1026 mores
1208 960 1299 1026 ordi-

170 1076 321 1146 nantem,
347 1067 533 1151 populoque
549 1065 665 1153 jugum
689 1064 808 1133 durum
830 1065 1049 1150 imponentem
1069 1063 1299 1145 efformaverit,

169 1178 338 1252 corruptor
353 1168 408 1232 ille
424 1169 499 1232 huic
512 1167 614 1232 codici
628 1169 794 1233 historiam
807 1165 978 1250 addiderit,
993 1169 1026 1231 in
1042 1188 1106 1252 qua
1120 1167 1300 1231 humillima

169 1289 305 1355 quaque
323 1269 365 1334 de
385 1272 505 1357 populo
522 1271 696 1335 israelitico
716 1270 904 1351 narraverit,
925 1270 957 1332 in
977 1291 1041 1354 qua
1060 1270 1201 1333 maxima
1219 1290 1299 1355 por-

169 1379 278 1452 tenta,
305 1373 417 1457 plagas
439 1374 567 1458 AEgypti
580 1422 590 1456 ,
615 1373 783 1436 transitum
807 1372 926 1453 maris,
952 1369 1115 1435 dationem
1139 1371 1242 1456 Legis,
1268 1379 1300 1433 et

168 1495 288 1538 manna
306 1474 347 1539 de
361 1478 441 1541 coelo
454 1498 512 1561 per
525 1475 739 1562 quadraginta
751 1497 852 1540 anuos
866 1476 1021 1561 populum
1035 1476 1190 1558 nutriens,
1207 1483 1299 1538 retu-

168 1577 251 1657 lerit,
269 1579 300 1641 in
326 1599 389 1664 qua
414 1580 527 1664 sepius
552 1578 757 1642 affirmaverit
778 1579 906 1663 Moysen
918 1577 1012 1663 jussu
1031 1577 1088 1641 Dei
1105 1578 1174 1641 haee
1194 1578 1299 1662 scrip-

167 1670 254 1763 sisse,
275 1691 311 1744 ut
327 1691 431 1746 essent
454 1683 487 1746 in
512 1690 775 1765 monumentum,
796 1682 830 1744 in
855 1702 920 1767 qua
947 1681 1131 1765 prophetias
1157 1680 1299 1744 futuram

168 1783 279 1867 populi
292 1784 384 1847 electi
396 1785 495 1847 vitam
508 1781 725 1848 describentes
737 1783 890 1868 posuerit3
905 1783 939 1845 in
952 1803 1016 1868 qua
1028 1780 1169 1867 denique
1182 1782 1298 1866 legem

168 1883 311 1969 aliquam
332 1884 536 1969 inscripserit,
562 1904 630 1971 ,qua
657 1885 794 1968 populus
815 1882 949 1969 jubetur
975 1884 1074 1947 libros
1097 1884 1168 1947 illos
1191 1884 1298 1968 legere
1352 1930 1355 1935 >

168 2006 346 2072 eorumque
359 1988 534 2051 solemnem
549 1989 719 2051 lectionem
735 1987 867 2071 singulis
882 1987 1054 2070 septenniis
1070 1985 1203 2068 audire3
1220 1990 1298 2072 quin

168 2097 200 2152 et
214 2110 327 2173 regem
343 2091 448 2175 ipsum
463 2091 615 2175 singulari
634 2092 704 2175 lege
722 2088 764 2154 ad
782 2089 881 2153 libros
904 2087 1057 2173 legendos
1076 2088 1295 2171 adstrinxerit,

168 2191 236 2256 hrec
248 2193 358 2256 omnia
371 2191 571 2258 incredibilia
584 2194 696 2258 lecerit
708 2200 791 2256 uuus
804 2192 919 2277 aliquis
931 2191 1156 2276 figmentorum
1171 2206 1295 2271 amane,

168 2303 199 2357 et
211 2296 365 2379 universi,
383 2305 451 2360 tum
469 2297 618 2382 populus,
633 2306 701 2360 tum
714 2295 886 2381 principes,
902 2304 969 2359 tum
982 2294 1101 2379 plebei,
1116 2302 1183 2357 tum
1197 2315 1298 2358 saeer-

167 2390 257 2460 dotes
275 2408 308 2461 et
330 2399 443 2481 levita,
463 2400 521 2462 hos
545 2397 859 2488 librosadmiserint‚
885 2398 943 2460 hos
966 2396 1065 2461 libros
1088 2405 1254 2482 tamquam
1277 2418 1296 2460 a

168 2500 273 2586 Moyse
296 2502 456 2587 profectos
478 2504 620 2566 venerati
638 2502 768 2584 luerint,
789 2503 860 2586 quis
879 2522 964 2565 sanae
987 2501 1102 2563 mentis
1125 2501 1186 2564 hoc
1204 2521 1295 2563 asse-

167 2602 294 2666 ruerit?
313 2604 401 2667 Talia
428 2602 562 2688 fingunt,
592 2605 646 2689 qui
673 2604 829 2667 miracula
850 2611 979 2686 negant.
1000 2599 1062 2664 Sed
1089 2622 1194 2664 nonne
1215 2622 1295 2686 por-

166 2714 328 2769 tentorum
350 2705 429 2769 illud
456 2707 634 2769 maximum
653 2715 710 2788 est,
741 2701 828 2791 quod
857 2703 1002 2768 fictitium
1029 2705 1074 2767 sie
1103 2703 1295 2788 recepissent

165 2807 314 2871 librum?

206 2910 262 2972 26.
280 2909 440 2991 Ceterum,
455 2921 529 2975 ante
545 2910 631 2975 Josia
647 2913 755 2974 omnia
771 2931 842 2996 quae
855 2911 887 2973 in
900 2909 1116 2973 Pentateucho
1134 2904 1293 2971 habentur

165 3012 328 3075 notissima
352 3023 455 3077 erant.
481 3014 605 3077 Etenim
625 3015 658 3076 in
675 3013 763 3077 libris
773 3012 1024 3096 Prophetarum,
1042 3012 1180 3094 Regum,
1196 3007 1292 3073 Judi-

165 3133 238 3175 cum
253 3122 285 3176 et
299 3113 397 3178 Josue
413 3117 564 3179 continuo
582 3114 735 3178 alluditur
751 3112 793 3177 ad
814 3115 912 3198 leges,
927 3113 1009 3176 facta
1028 3120 1060 3174 et
1075 3111 1243 3194 miracula,
1259 3111 1292 3174 in

164 3214 381 3280 Pentateucho
401 3219 513 3281 relata.
532 3219 602 3281 Non
620 3218 718 3282 semel
735 3218 884 3281 asseritur
896 3217 958 3279 hoc
974 3216 1025 3278 vel
1040 3213 1120 3278 illud
1136 3215 1291 3278 contineri

164 3317 197 3380 in
212 3320 297 3403 Lege
321 3321 430 3406 Moysi,
453 3323 485 3384 in
506 3323 668 3408 volumine
689 3323 779 3407 Legis
803 3321 912 3406 Moysi,
937 3317 1024 3411 quod
1044 3321 1154 3404 utique
1173 3317 1292 3383 indicat

164 3442 345 3487 sermonem
362 3421 430 3487 fieri
444 3424 485 3488 de
502 3426 585 3509 Lege
598 3425 716 3510 scripto
732 3433 868 3508 servata,
883 3422 916 3488 id
930 3433 988 3505 est,
1002 3421 1043 3487 de
1059 3422 1287 3489 Pentateucho.

179 3542 183 3547 ·
207 3524 260 3587 27.
281 3525 428 3590 Michaeas
452 3523 619 3612 propheta,
641 3528 695 3612 qui
715 3526 776 3590 sub
795 3527 945 3607 Joathan,
970 3525 1077 3589 Achaz
1094 3533 1125 3587 et
1142 3523 1291 3587 Ezechias

164 3626 301 3710 vivebat,
318 3629 407 3712 ponit
418 3628 583 3692 historiam
595 3629 740 3694 Balaami
753 3639 784 3693 et
798 3628 1022 3715 promissiones
1039 3627 1139 3690 factas
1151 3626 1289 3690 Abranae

164 3736 196 3790 et
206 3729 327 3794 Jacobo
342 3740 507 3819 tamquam
520 3733 698 3797 notissimas
713 3731 773 3818 (l).
788 3732 910 3796 Eodem
922 3741 1067 3815 tempore
1080 3730 1160 3793 Osee
1176 3750 1290 3815 provo

164 3841 215 3894 cat
227 3830 268 3895 ad
280 3832 446 3897 historiam
460 3833 571 3898 Jacobi
585 3844 680 3920 prout
694 3836 726 3898 in
740 3834 854 3900 Genesi
866 3843 1015 3897 narratur
1031 3840 1062 3895 et
1075 3830 1118 3895 ad
1131 3831 1290 3895 liberatio-

164 3954 236 3996 nem
249 3934 466 3999 israelitarum
480 3958 519 4000 ex
534 3938 669 4023 AEgypto
682 3937 741 4022 (ἲ).
757 3937 835 4000 Fere
848 3956 971 4001 coaevus
984 3934 1082 3997 Amos
1096 3942 1289 3997 rememorat

163 4038 361 4102 mansionem
373 4039 407 4102 iu
419 4037 543 4103 deserto
560 4038 769 4125 quadraginta
786 4041 888 4123 annis,
904 4037 1150 4102 destructionem
1167 4037 1288 4101 Amor-

195 4284 230 4347 (l)
246 4283 325 4334 Mtct.
341 4283 383 4336 vt.
398 4285 427 4341 ὃς
443 4285 494 4342 vn,
509 4284 550 4335 20.

196 4364 229 4430 (Ξ)
241 4366 303 4425 Osee
316 4364 369 4427 llll,
385 4366 457 4417 545.
