3166 4958
386 327 461 370 rans
472 328 508 370 n.
524 326 617 370 aanor
629 328 664 371 11.
683 327 721 368 ns
733 296 901 370 avarorum
914 327 940 372 s.
957 324 1111 370 uanum.
1252 304 1315 369 215

187 426 259 514 (IV,
278 427 472 513 ta-xvltt).
490 427 580 491 lesus
596 447 615 490 a
630 425 760 491 Galilaea
778 427 811 489 in
829 424 974 490 Judaeam
991 425 1152 510 proiectus
1172 423 1316 488 aseendit

186 531 433 617 lerosolymam,
455 531 487 593 in
511 530 621 593 itinere
637 527 814 615 praedicans
833 537 863 591 et
878 529 1040 592 miraculis
1055 526 1316 612 pradicationem

186 630 406 714 confirmans3
429 630 544 695 urbem
568 631 767 714 triumphans
790 630 948 714 ingressus
971 629 1003 692 in
1028 630 1148 713 lampio
1170 627 1264 693 docet
1284 639 1316 693 et

186 734 421 798 Pharisaeorum
434 734 511 797 vitia
529 733 630 818 carpit
642 730 862 818 (XIX-XXV).
878 732 1022 818 Denique
1039 731 1178 796 narratio
1194 732 1315 796 ultima

187 857 296 919 coenae,
304 835 583 922 passionis,mortis
596 856 634 899 ac
646 835 815 920 sepultura
827 843 924 919 atque
937 835 1187 916 resurrectionis,
1195 834 1314 898 librum

185 938 307 1003 einum
327 912 664 1027 insu-munt]

231 1044 262 1106 ἓ.
288 1043 426 1116 Aeolon,
452 1054 568 1126 tempus
589 1051 618 1104 et
640 1040 732 1105 locus.
764 1065 778 1098 «
807 1041 992 1122 Mattheus,
1018 1040 1074 1126 qui
1098 1050 1129 1105 et
1151 1041 1247 1125 Levi,
1274 1062 1312 1104 ex

186 1143 360 1233 publicano
373 1145 555 1231 Apostolus,
574 1145 696 1228 primus
719 1145 751 1207 in
769 1143 879 1208 Judaea
896 1152 1027 1229 propter
1050 1145 1175 1230 eosqui
1192 1164 1230 1207 ex
1246 1144 1313 1207 cir-

186 1250 380 1315 cumcisione
394 1233 609 1330 crediderant,
623 1247 832 1332 Evangelium
850 1246 964 1311 Christi
979 1244 1138 1311 hebraicis
1153 1247 1263 1310 litteris
1281 1254 1312 1309 et

185 1353 298 1417 verbis
312 1353 500 1437 composuit.
529 1376 543 1412 1
570 1351 616 1415 Ita
640 1350 673 1415 S.
699 1348 910 1436 Hieronymus
932 1348 992 1434 (1).
1017 1343 1311 1434 ductorem'igitur

185 1456 280 1540 primi
296 1454 461 1540 Evangelii
477 1475 545 1519 esse
560 1454 749 1539 Apostolum
766 1450 950 1519 Matthaeum
973 1460 1041 1516 tum
1056 1472 1095 1515 ex
1115 1454 1183 1536 ipso
1200 1452 1309 1515 Evan-

184 1560 258 1644 gelii
273 1559 378 1641 titulo,
392 1567 460 1622 tum
474 1579 513 1621 ex
528 1558 670 1622 unanimi
685 1558 817 1622 Patrum
832 1558 1012 1621 testimonio
1028 1555 1194 1642 probatur.
1209 1554 1309 1618 Porro

184 1662 374 1746 Mattheus,
399 1661 523 1747 Alphaei
546 1660 714 1748 cujusdam
738 1660 845 1744 filius,
871 1669 939 1724 crat
963 1682 981 1724 e
1003 1658 1134 1725 Galilaea
1157 1656 1310 1723 oriundus

183 1774 280 1851 atque
307 1764 503 1849 professione
527 1764 728 1849 publicanus,
747 1780 845 1849 quem
863 1761 995 1828 eumad
1013 1760 1166 1826 telonium
1185 1761 1309 1825 sederet

183 1888 240 1931 suo
263 1866 427 1952 publicani
443 1886 575 1930 munere
593 1866 739 1951 iungens,
754 1864 895 1929 Christus
909 1863 950 1928 ad
975 1863 1188 1949 apostolatum
1209 1883 1309 1926 voca-

184 1970 228 2032 vit
250 1968 311 2054 (ἓ).
337 1968 451 2032 Statim
474 1977 604 2053 autem,
642 1968 758 2032 relictis
781 1966 953 2050 omnibus,
984 1974 1109 2031 secutus
1133 1975 1179 2029 est
1198 1964 1307 2028 lesum

184 2070 563 2157 ejusqueproedicationis
576 2070 662 2135 testis
673 2070 776 2135 factus
789 2079 847 2134 est.
861 2071 935 2134 Post
950 2070 1167 2134 ascensionem
1179 2067 1306 2131 Domini

184 2174 349 2238 Matthaeus
360 2174 569 2260 Evangelium
586 2172 703 2238 Judaeis
719 2174 751 2238 in
768 2171 878 2236 Judoea
894 2193 953 2257 per
969 2171 1091 2256 aliquot
1108 2191 1208 2249 annos
1221 2189 1306 2254 praa-

183 2273 312 2360 dicavit‚
327 2275 445 2340 deinde
468 2275 511 2341 ad
533 2286 642 2362 gentes
657 2277 807 2360 perrexit,
819 2273 912 2360 apud
929 2294 1008 2360 quas
1031 2273 1096 2338 sive
1120 2270 1206 2358 apud
1222 2272 1305 2335 Par-

129 2657 136 2667 ·
215 2627 450 2693 mmmm&

215 2710 250 2775 (Ξ)
260 2710 353 2762 Mettis.
365 2709 407 2771 111,
418 2710 487 2761 att.
508 2708 564 2760 Alio
577 2708 687 2770 nomine,
703 2708 729 2759 in
743 2709 804 2760 locis
818 2706 941 2773 parallelis
951 2708 1036 2760 Marc.
1054 2708 1086 2772 ll,
1098 2710 1184 2772 ll·l8‚
1201 2713 1259 2763 Luc.
1274 2710 1303 2770 V,

182 2791 268 2852 21-53,
278 2792 339 2842 Levi
353 2784 463 2842 vantur.
480 2790 671 2841 tenatioribus
686 2790 841 2852 temporibus
855 2790 968 2853 Grotius,
984 2796 1079 2854 etpost
1092 2804 1150 2841 eum
1168 2791 1303 2852 Michaelis,

183 2874 270 2925 Euald
285 2878 312 2924 et
327 2874 368 2923 alii
379 2874 447 2936 apud
462 2873 499 2923 lte
512 2870 598 2922 Wette
609 2870 714 2932 (diets
728 2871 780 2934 97),
791 2872 885 2936 quibus
899 2871 1001 2923 tortasse
1010 2871 1142 2936 praeiverat
1151 2872 1256 2923 Photius
1266 2874 1304 2929 (iu

181 2961 233 3006 cat.
247 2954 351 3005 Patro
369 2953 479 3005 Possioo
492 2954 579 3017 edito),
593 2959 747 3017 putaverunt
762 2953 822 3003 Levi
834 2949 964 3016 personam
975 2966 1031 3004 esse
1046 2953 1187 3007 oldattliaeo
1197 2955 1304 3005 distinc-

182 3044 244 3097 tam,
269 3037 313 3087 sed
333 3036 430 3100 absque
443 3036 503 3098 iure
524 3041 550 3085 et
570 3041 656 3087 eontra
676 3036 826 3085 sententiam
848 3035 1015 3099 antiquitatis.
1033 3036 1094 3087 Nom
1112 3036 1211 3100 allegati
1228 3036 1304 3087 llorei

180 3125 259 3184 atque
268 3120 342 3170 anae
352 3117 400 3169 loci
415 3118 518 3168 omuino
529 3124 589 3169 sunt
599 3117 718 3181 paralleli,
732 3123 809 3180 atque
820 3117 911 3168 exinde
926 3116 1053 3180 colligitur
1067 3118 1126 3168 Levi
1139 3131 1217 3168 unum
1229 3132 1303 3169 eum-

181 3202 291 3265 demque
300 3213 357 3251 esse
368 3212 428 3250 eum
439 3199 563 3249 Mattiaco.
579 3198 747 3249 Goridrmatur
757 3210 789 3249 ex
802 3212 833 3250 eo
844 3200 910 3261 quod
924 3199 1022 3249 Mareus
1038 3207 1065 3250 et
1081 3199 1162 3250 Lucas
1181 3200 1226 3264 qut
1239 3199 1303 3250 reie-

181 3284 320 3336 ruotheri
338 3283 418 3334 luisse
439 3296 454 3333 a
473 3283 572 3334 Christo
592 3282 624 3333 ad
640 3275 806 3346 apostolatum
825 3288 955 3343 rocosum,
973 3293 1033 3332 sum
1055 3294 1104 3333 uon
1127 3283 1256 3334 nominant
1276 3284 1302 3334 in

180 3369 291 3431 ontogo
309 3368 495 3430 Apostolorum,
510 3365 553 3416 sed
573 3365 628 3427 ojns
648 3365 703 3414 tono
725 3363 881 3426 tlatthaeum,
900 3364 996 3426 dequo
1015 3364 1077 3414 nihil
1096 3364 1155 3414 alibi
1172 3366 1300 3428 dixerunt,

180 3448 291 3499 inierunt
302 3448 395 3510 (Mare.
407 3445 448 3508 lll,
461 3448 501 3508 l8;
513 3447 572 3505 LucQ
584 3444 624 3505 Vl,
638 3444 687 3509 td).
706 3447 756 3496 Nec
774 3445 868 3495 mirum
878 3452 918 3496 est
934 3444 1077 3497 ldotthaeum
1095 3447 1189 3510 duplici
1201 3450 1302 3499 nomine

179 3530 331 3594 appellatum
346 3529 433 3590 luisse,
445 3527 571 3592 siquidem
583 3528 630 3578 hoc
643 3526 762 3591 frequens
780 3526 847 3589 apud
866 3525 963 3577 iudans
977 3533 1040 3578 tuno
1057 3530 1179 3593 temporis
1196 3538 1259 3591 erat,
1272 3539 1302 3582 ut

180 3621 249 3676 patet
261 3624 293 3663 er
309 3611 391 3662 llarco
406 3611 451 3674 qui
462 3611 538 3661 etiam
552 3610 658 3661 loannes
669 3608 734 3673 (Act.
747 3608 799 3670 xtt,
815 3610 855 3671 15)
866 3616 892 3660 et
903 3623 935 3659 ex
944 3609 1023 3662 Paulo
1038 3612 1083 3675 qui
1094 3618 1120 3663 et
1129 3613 1221 3664 Saulm
1234 3614 1299 3675 (act.
1358 3624 1361 3629 ·

179 3693 242 3757 Xlll,
262 3696 289 3757 9)
303 3695 445 3745 mechatur.
466 3694 520 3743 Nee·
536 3693 561 3743 iu
581 3694 734 3742 eontrarium
753 3691 836 3742 afferri
859 3693 924 3743 ualet
941 3692 1114 3744 testimonium
1133 3695 1300 3757 llerucleonis,

179 3774 288 3829 haretici
306 3789 321 3827 e
341 3785 409 3826 secto
425 3776 664 3835 Valentinianorum,
681 3784 725 3825 aut
743 3775 915 3826 testimonium
935 3775 1051 3840 origenis
1065 3778 1090 3827 in
1106 3778 1150 3828 lib.
1171 3779 1182 3827 1
1202 3781 1300 3829 (nistra

173 3860 244 3910 Ceto.
262 3857 326 3916 162.
347 3857 477 3921 Siquidem
495 3856 616 3921 Origenes
631 3857 656 3905 in
671 3857 725 3907 loco
740 3857 816 3907 allato
832 3858 933 3913 ridetur
950 3870 1000 3908 non
1018 3870 1088 3907 suom
1104 3860 1148 3909 sed
1164 3859 1228 3910 Celsi
1247 3862 1301 3924 opi-

177 3941 277 3990 nionem
290 3938 445 4001 exposuisse,
454 3943 499 3988 aut
510 3950 541 3988 ex
553 3937 712 3988 concessione
723 3936 831 3991 locutus:
845 3950 902 3987 uam
913 3936 995 4002 Proes.
1009 3938 1037 3987 in
1045 3952 1084 4002 ep.
1096 3941 1131 3988 ud
1145 3939 1217 3990 1111111.
1228 3943 1303 3993 docet

177 4023 345 4073 llattlraeuma
356 4020 416 4069 Levi
426 4032 475 4070 non
487 4033 543 4070 esse
554 4019 689 4069 diversum.
704 4018 743 4069 tn
756 4018 906 4070 Heracleone
917 4018 1047 4069 llottiraeus
1056 4026 1081 4070 et
1091 4019 1165 4071 Levis
1175 4030 1202 4072 ut
1214 4024 1301 4075 distin·

175 4112 222 4155 ctae
231 4115 345 4166 personae
356 4110 495 4166 ponuntur,
508 4103 550 4152 sed
562 4102 649 4151 Leeim
664 4102 734 4151 illum
745 4101 832 4151 Levim
846 4100 923 4150 fuisse
936 4101 1104 4164 publicanum,
1119 4103 1151 4154 de
1162 4119 1213 4169 quo
1222 4117 1301 4170 agunt

177 4189 274 4238 limem
288 4194 315 4235 et
326 4185 405 4235 tusas
420 4191 446 4235 et
460 4198 509 4234 non
528 4185 612 4247 potius
627 4185 738 4234 Lebeum
754 4194 800 4232 seu
811 4182 946 4232 Lethaeum
960 4182 1108 4247 Apostolum
1121 4186 1182 4236 nihil
1197 4189 1299 4242 indicat.

176 4270 232 4322 Vid.
251 4269 375 4320 clement.
387 4268 471 4329 Alex„
482 4268 578 4319 Strom.
593 4266 633 4331 tv,
645 4267 670 4317 9.
682 4267 738 4317 Vid.
751 4266 895 4327 Potrittum,
908 4265 944 4317 Do
962 4267 1109 4335 Evanpets‘io
1121 4269 1141 4333 l,
1154 4273 1166 4322 1
1181 4271 1298 4339 Friburg.

177 4352 288 4415 Brisgou.
302 4349 376 4401 1855.

1116 4436 1168 4500 1⁰.
