<?xml version="1.0" encoding="UTF-8"?>
<!DOCTYPE html PUBLIC "-//W3C//DTD XHTML 1.0 Transitional//EN"
    "http://www.w3.org/TR/xhtml1/DTD/xhtml1-transitional.dtd">
<html xmlns="http://www.w3.org/1999/xhtml" xml:lang="en" lang="en">
 <head>
  <title>
</title>
<meta http-equiv="Content-Type" content="text/html;charset=utf-8" />
  <meta name='ocr-system' content='tesseract 3.04.00' />
  <meta name='ocr-capabilities' content='ocr_page ocr_carea ocr_par ocr_line ocrx_word'/>
</head>
<body>
  <div class='ocr_page' id='page_1' title='image "./introductioinsa00lamygoog/introductioinsa00lamygoog_0355.png"; bbox 0 0 3168 4948; ppageno 0'>
   <div class='ocr_carea' id='block_1_1' title="bbox 247 314 1148 637">
    <p class='ocr_par' dir='ltr' id='par_1_1' title="bbox 247 314 1148 637">
     <span class='ocr_line' id='line_1_1' title="bbox 247 314 1148 386; baseline 0.008 -8"><span class='ocrx_word' id='word_1_1' title='bbox 247 314 311 380; x_wconf 76' lang='lat' dir='ltr'><em>ata</em></span> <span class='ocrx_word' id='word_1_2' title='bbox 466 337 666 379; x_wconf 79' lang='lat' dir='ltr'><em>rrraoooerro</em></span> <span class='ocrx_word' id='word_1_3' title='bbox 685 337 832 379; x_wconf 75' lang='lat' dir='ltr'><em>sanamus</em></span> <span class='ocrx_word' id='word_1_4' title='bbox 848 338 882 379; x_wconf 77' lang='lat' dir='ltr'><em>ru</em></span> <span class='ocrx_word' id='word_1_5' title='bbox 900 338 925 380; x_wconf 92' lang='lat' dir='ltr'><em>s.</em></span> <span class='ocrx_word' id='word_1_6' title='bbox 947 339 1148 386; x_wconf 75' lang='lat' dir='ltr'><em>scaroruanu.</em></span> 
     </span>
     <span class='ocr_line' id='line_1_2' title="bbox 516 548 1104 637; baseline 0.003 -24"><span class='ocrx_word' id='word_1_7' title='bbox 516 548 571 623; x_wconf 82' lang='lat' dir='ltr'><em>Vl.</em></span> <span class='ocrx_word' id='word_1_8' title='bbox 599 550 644 610; x_wconf 84' lang='lat' dir='ltr'><em>Dc</em></span> <span class='ocrx_word' id='word_1_9' title='bbox 666 548 806 632; x_wconf 83' lang='lat' dir='ltr'><em>Epistola</em></span> <span class='ocrx_word' id='word_1_10' title='bbox 828 551 868 613; x_wconf 76' lang='lat' dir='ltr'><em>acl</em></span> <span class='ocrx_word' id='word_1_11' title='bbox 892 550 1020 615; x_wconf 75' lang='lat' dir='ltr'><em>Galatas</em></span> <span class='ocrx_word' id='word_1_12' title='bbox 1044 553 1056 636; x_wconf 85' lang='lat'>(</span> <span class='ocrx_word' id='word_1_13' title='bbox 1081 551 1104 637; x_wconf 90' lang='lat'>)</span> 
     </span>
    </p>
   </div>
   <div class='ocr_carea' id='block_1_2' title="bbox 245 737 1383 1382">
    <p class='ocr_par' dir='ltr' id='par_1_2' title="bbox 245 737 1383 1382">
     <span class='ocr_line' id='line_1_3' title="bbox 271 737 1383 876; baseline 0.007 -32"><span class='ocrx_word' id='word_1_14' title='bbox 271 737 324 876; x_wconf 60' lang='lat' dir='ltr'><em>fi.</em></span> <span class='ocrx_word' id='word_1_15' title='bbox 352 783 396 844; x_wconf 85' lang='lat' dir='ltr'><em>De</em></span> <span class='ocrx_word' id='word_1_16' title='bbox 419 780 609 844; x_wconf 80' lang='lat' dir='ltr'><em>ecclesiaram</em></span> <span class='ocrx_word' id='word_1_17' title='bbox 635 778 763 844; x_wconf 78' lang='lat' dir='ltr'><em>Galatia</em></span> <span class='ocrx_word' id='word_1_18' title='bbox 782 781 973 864; x_wconf 81' lang='lat' dir='ltr'><em>primordiis.</em></span> <span class='ocrx_word' id='word_1_19' title='bbox 996 781 1119 847; x_wconf 87' lang='lat' dir='ltr'><em>Galatia</em></span> <span class='ocrx_word' id='word_1_20' title='bbox 1144 784 1233 870; x_wconf 82' lang='lat' dir='ltr'><em>regio</em></span> <span class='ocrx_word' id='word_1_21' title='bbox 1257 796 1327 851; x_wconf 87' lang='lat' dir='ltr'><em>erat</em></span> <span class='ocrx_word' id='word_1_22' title='bbox 1348 789 1383 852; x_wconf 91' lang='lat' dir='ltr'><em>iu</em></span> 
     </span>
     <span class='ocr_line' id='line_1_4' title="bbox 246 882 1382 971; baseline 0.005 -22"><span class='ocrx_word' id='word_1_23' title='bbox 246 884 354 949; x_wconf 86' lang='lat' dir='ltr'><em>media</em></span> <span class='ocrx_word' id='word_1_24' title='bbox 378 884 445 947; x_wconf 85' lang='lat' dir='ltr'><em>lere</em></span> <span class='ocrx_word' id='word_1_25' title='bbox 468 884 543 945; x_wconf 80' lang='lat' dir='ltr'><em>Asia</em></span> <span class='ocrx_word' id='word_1_26' title='bbox 568 883 689 944; x_wconf 81' lang='lat' dir='ltr'>Minore</span> <span class='ocrx_word' id='word_1_27' title='bbox 713 883 783 964; x_wconf 87' lang='lat' dir='ltr'><em>sita,</em></span> <span class='ocrx_word' id='word_1_28' title='bbox 804 903 875 967; x_wconf 87' lang='lat' dir='ltr'><em>quae</em></span> <span class='ocrx_word' id='word_1_29' title='bbox 898 905 1016 947; x_wconf 89' lang='lat' dir='ltr'><em>nomen</em></span> <span class='ocrx_word' id='word_1_30' title='bbox 1038 896 1068 949; x_wconf 94' lang='lat' dir='ltr'><em>ct</em></span> <span class='ocrx_word' id='word_1_31' title='bbox 1087 882 1243 971; x_wconf 83' lang='lat' dir='ltr'><em>originem</em></span> <span class='ocrx_word' id='word_1_32' title='bbox 1268 884 1382 969; x_wconf 76' lang='lat' dir='ltr'><em>habuit</em></span> 
     </span>
     <span class='ocr_line' id='line_1_5' title="bbox 246 970 1382 1071; baseline 0.005 -20"><span class='ocrx_word' id='word_1_33' title='bbox 246 1010 266 1051; x_wconf 92' lang='lat' dir='ltr'><em>a</em></span> <span class='ocrx_word' id='word_1_34' title='bbox 279 986 389 1068; x_wconf 89' lang='lat' dir='ltr'><em>Gallis,</em></span> <span class='ocrx_word' id='word_1_35' title='bbox 404 985 471 1071; x_wconf 90' lang='lat' dir='ltr'><em>qui,</em></span> <span class='ocrx_word' id='word_1_36' title='bbox 485 984 595 1047; x_wconf 90' lang='lat' dir='ltr'><em>relicta</em></span> <span class='ocrx_word' id='word_1_37' title='bbox 607 984 723 1067; x_wconf 90' lang='lat' dir='ltr'><em>patria,</em></span> <span class='ocrx_word' id='word_1_38' title='bbox 739 1004 811 1047; x_wconf 92' lang='lat' dir='ltr'><em>suas</em></span> <span class='ocrx_word' id='word_1_39' title='bbox 824 984 868 1046; x_wconf 94' lang='lat' dir='ltr'><em>ibi</em></span> <span class='ocrx_word' id='word_1_40' title='bbox 882 984 972 1067; x_wconf 84' lang='lat' dir='ltr'><em>sedes</em></span> <span class='ocrx_word' id='word_1_41' title='bbox 986 989 1225 1053; x_wconf 88' lang='lat' dir='ltr'><em>constituerant.</em></span> <span class='ocrx_word' id='word_1_42' title='bbox 1242 970 1382 1056; x_wconf 73' lang='lat' dir='ltr'><em>llomani</em></span> 
     </span>
     <span class='ocr_line' id='line_1_6' title="bbox 247 1085 1379 1175; baseline 0.006 -22"><span class='ocrx_word' id='word_1_43' title='bbox 247 1111 302 1153; x_wconf 91' lang='lat' dir='ltr'><em>cos</em></span> <span class='ocrx_word' id='word_1_44' title='bbox 326 1088 437 1152; x_wconf 89' lang='lat' dir='ltr'><em>ditioni</em></span> <span class='ocrx_word' id='word_1_45' title='bbox 462 1108 525 1150; x_wconf 86' lang='lat' dir='ltr'><em>suae</em></span> <span class='ocrx_word' id='word_1_46' title='bbox 556 1085 783 1171; x_wconf 88' lang='lat' dir='ltr'><em>subjecerunt,</em></span> <span class='ocrx_word' id='word_1_47' title='bbox 813 1096 844 1149; x_wconf 91' lang='lat' dir='ltr'><em>et</em></span> <span class='ocrx_word' id='word_1_48' title='bbox 868 1088 1028 1172; x_wconf 83' lang='lat' dir='ltr'><em>Augustus</em></span> <span class='ocrx_word' id='word_1_49' title='bbox 1057 1094 1231 1175; x_wconf 85' lang='lat' dir='ltr'><em>permixtos</em></span> <span class='ocrx_word' id='word_1_50' title='bbox 1261 1094 1379 1160; x_wconf 86' lang='lat' dir='ltr'><em>Galatis</em></span> 
     </span>
     <span class='ocr_line' id='line_1_7' title="bbox 245 1188 1381 1280; baseline 0.004 -25"><span class='ocrx_word' id='word_1_51' title='bbox 245 1190 374 1255; x_wconf 80' lang='lat' dir='ltr'><em>ludaeos</em></span> <span class='ocrx_word' id='word_1_52' title='bbox 388 1192 584 1276; x_wconf 87' lang='lat' dir='ltr'><em>protectione</em></span> <span class='ocrx_word' id='word_1_53' title='bbox 601 1209 657 1251; x_wconf 89' lang='lat' dir='ltr'><em>sua</em></span> <span class='ocrx_word' id='word_1_54' title='bbox 673 1188 763 1251; x_wconf 75' lang='lat' dir='ltr'><em>fovit,</em></span> <span class='ocrx_word' id='word_1_55' title='bbox 782 1189 952 1253; x_wconf 73' lang='lat' dir='ltr'><em>Constabat</em></span> <span class='ocrx_word' id='word_1_56' title='bbox 976 1193 1077 1276; x_wconf 43' lang='lat' dir='ltr'><em>igitur,</em></span> <span class='ocrx_word' id='word_1_57' title='bbox 1095 1193 1151 1279; x_wconf 89' lang='lat' dir='ltr'><em>huj</em></span> <span class='ocrx_word' id='word_1_58' title='bbox 1177 1216 1191 1257; x_wconf 91' lang='lat' dir='ltr'><em>s</em></span> <span class='ocrx_word' id='word_1_59' title='bbox 1208 1199 1381 1280; x_wconf 84' lang='lat' dir='ltr'><em>provinciae</em></span> 
     </span>
     <span class='ocr_line' id='line_1_8' title="bbox 248 1217 1378 1382; baseline 0.005 -25"><span class='ocrx_word' id='word_1_60' title='bbox 248 1294 397 1378; x_wconf 85' lang='lat' dir='ltr'><em>populus,</em></span> <span class='ocrx_word' id='word_1_61' title='bbox 418 1292 534 1377; x_wconf 91' lang='lat' dir='ltr'><em>partim</em></span> <span class='ocrx_word' id='word_1_62' title='bbox 558 1312 597 1377; x_wconf 84' lang='lat' dir='ltr'><em>ex</em></span> <span class='ocrx_word' id='word_1_63' title='bbox 621 1289 740 1354; x_wconf 85' lang='lat' dir='ltr'><em>Galatis</em></span> <span class='ocrx_word' id='word_1_64' title='bbox 758 1292 887 1376; x_wconf 88' lang='lat' dir='ltr'><em>proprio</em></span> <span class='ocrx_word' id='word_1_65' title='bbox 910 1291 1002 1356; x_wconf 89' lang='lat' dir='ltr'><em>dictis</em></span> <span class='ocrx_word' id='word_1_66' title='bbox 1025 1296 1081 1379; x_wconf 91' lang='lat' dir='ltr'><em>qui</em></span> <span class='ocrx_word' id='word_1_67' title='bbox 1105 1217 1192 1359; x_wconf 73' lang='lat' dir='ltr'><em>idda</em></span> <span class='ocrx_word' id='word_1_68' title='bbox 1215 1299 1378 1382; x_wconf 81' lang='lat' dir='ltr'><em>colebant,</em></span> 
     </span>
    </p>
   </div>
   <div class='ocr_carea' id='block_1_3' title="bbox 245 1378 1579 1993">
    <p class='ocr_par' dir='ltr' id='par_1_3' title="bbox 245 1378 1579 1993">
     <span class='ocr_line' id='line_1_9' title="bbox 248 1378 1380 1484; baseline 0.005 -25"><span class='ocrx_word' id='word_1_69' title='bbox 248 1398 364 1481; x_wconf 90' lang='lat' dir='ltr'><em>partim</em></span> <span class='ocrx_word' id='word_1_70' title='bbox 382 1417 421 1458; x_wconf 88' lang='lat' dir='ltr'><em>cx</em></span> <span class='ocrx_word' id='word_1_71' title='bbox 436 1393 566 1472; x_wconf 86' lang='lat' dir='ltr'><em>ludaeis,</em></span> <span class='ocrx_word' id='word_1_72' title='bbox 584 1414 684 1478; x_wconf 92' lang='lat' dir='ltr'><em>quum</em></span> <span class='ocrx_word' id='word_1_73' title='bbox 703 1378 822 1457; x_wconf 90' lang='lat' dir='ltr'><em>Paulus</em></span> <span class='ocrx_word' id='word_1_74' title='bbox 838 1395 870 1456; x_wconf 92' lang='lat' dir='ltr'><em>in</em></span> <span class='ocrx_word' id='word_1_75' title='bbox 887 1395 1027 1459; x_wconf 86' lang='lat' dir='ltr'><em>secundo</em></span> <span class='ocrx_word' id='word_1_76' title='bbox 1044 1419 1101 1461; x_wconf 90' lang='lat' dir='ltr'><em>suo</em></span> <span class='ocrx_word' id='word_1_77' title='bbox 1119 1398 1231 1462; x_wconf 90' lang='lat' dir='ltr'><em>itincre</em></span> <span class='ocrx_word' id='word_1_78' title='bbox 1247 1411 1380 1484; x_wconf 89' lang='lat' dir='ltr'><em>aposto·</em></span> 
     </span>
     <span class='ocr_line' id='line_1_10' title="bbox 247 1497 1579 1588; baseline 0.008 -29"><span class='ocrx_word' id='word_1_79' title='bbox 247 1499 308 1565; x_wconf 91' lang='lat' dir='ltr'><em>lico</em></span> <span class='ocrx_word' id='word_1_80' title='bbox 323 1498 468 1582; x_wconf 81' lang='lat' dir='ltr'><strong>regiones</strong></span> <span class='ocrx_word' id='word_1_81' title='bbox 484 1497 566 1560; x_wconf 85' lang='lat' dir='ltr'><em>Asiae</em></span> <span class='ocrx_word' id='word_1_82' title='bbox 579 1497 708 1559; x_wconf 84' lang='lat' dir='ltr'>Minoris</span> <span class='ocrx_word' id='word_1_83' title='bbox 724 1497 919 1580; x_wconf 87' lang='lat' dir='ltr'><em>perlustrans</em></span> <span class='ocrx_word' id='word_1_84' title='bbox 933 1501 1055 1562; x_wconf 89' lang='lat' dir='ltr'><em>transiit</em></span> <span class='ocrx_word' id='word_1_85' title='bbox 1070 1521 1129 1585; x_wconf 92' lang='lat' dir='ltr'><em>per</em></span> <span class='ocrx_word' id='word_1_86' title='bbox 1144 1500 1302 1566; x_wconf 81' lang='lat' dir='ltr'><em>Galatiam</em></span> <span class='ocrx_word' id='word_1_87' title='bbox 1315 1503 1376 1588; x_wconf 77' lang='lat'><strong>(2).</strong></span> <span class='ocrx_word' id='word_1_88' title='bbox 1578 1576 1579 1583; x_wconf 8' lang='grc' dir='ltr'>χ</span> 
     </span>
     <span class='ocr_line' id='line_1_11' title="bbox 246 1598 1579 1689; baseline 0.006 -27"><span class='ocrx_word' id='word_1_89' title='bbox 246 1600 387 1664; x_wconf 89' lang='lat' dir='ltr'><em>Dubium</em></span> <span class='ocrx_word' id='word_1_90' title='bbox 407 1621 472 1663; x_wconf 90' lang='lat' dir='ltr'><em>non</em></span> <span class='ocrx_word' id='word_1_91' title='bbox 495 1608 542 1662; x_wconf 88' lang='lat' dir='ltr'><em>est</em></span> <span class='ocrx_word' id='word_1_92' title='bbox 559 1599 636 1684; x_wconf 91' lang='lat' dir='ltr'><em>quin</em></span> <span class='ocrx_word' id='word_1_93' title='bbox 662 1599 706 1661; x_wconf 91' lang='lat' dir='ltr'><em>cis</em></span> <span class='ocrx_word' id='word_1_94' title='bbox 730 1598 888 1663; x_wconf 84' lang='lat' dir='ltr'>Christum</span> <span class='ocrx_word' id='word_1_95' title='bbox 908 1599 1141 1684; x_wconf 80' lang='lat' dir='ltr'><em>praedicaverit.</em></span> <span class='ocrx_word' id='word_1_96' title='bbox 1161 1603 1255 1687; x_wconf 87' lang='lat' dir='ltr'><em>Nam,</em></span> <span class='ocrx_word' id='word_1_97' title='bbox 1277 1626 1378 1689; x_wconf 90' lang='lat' dir='ltr'><em>quum</em></span> <span class='ocrx_word' id='word_1_98' title='bbox 1474 1666 1478 1677; x_wconf 86' lang='grc'>,</span> <span class='ocrx_word' id='word_1_99' title='bbox 1570 1636 1579 1657; x_wconf 60' lang='lat'><em>1</em></span> 
     </span>
     <span class='ocr_line' id='line_1_12' title="bbox 245 1701 1378 1791; baseline 0.004 -24"><span class='ocrx_word' id='word_1_100' title='bbox 245 1706 277 1767; x_wconf 92' lang='lat' dir='ltr'><em>in</em></span> <span class='ocrx_word' id='word_1_101' title='bbox 291 1704 383 1767; x_wconf 89' lang='lat' dir='ltr'><em>tertio</em></span> <span class='ocrx_word' id='word_1_102' title='bbox 396 1704 508 1766; x_wconf 81' lang='lat' dir='ltr'><em>itinere</em></span> <span class='ocrx_word' id='word_1_103' title='bbox 520 1702 694 1786; x_wconf 88' lang='lat' dir='ltr'><em>apostolico</em></span> <span class='ocrx_word' id='word_1_104' title='bbox 708 1701 849 1765; x_wconf 87' lang='lat' dir='ltr'><em>secunda</em></span> <span class='ocrx_word' id='word_1_105' title='bbox 858 1704 928 1767; x_wconf 88' lang='lat' dir='ltr'><em>vice</em></span> <span class='ocrx_word' id='word_1_106' title='bbox 937 1702 1095 1768; x_wconf 84' lang='lat' dir='ltr'><em>Galatiam</em></span> <span class='ocrx_word' id='word_1_107' title='bbox 1107 1707 1259 1791; x_wconf 89' lang='lat' dir='ltr'><em>visitaret,</em></span> <span class='ocrx_word' id='word_1_108' title='bbox 1267 1707 1378 1771; x_wconf 84' lang='lat' dir='ltr'><em>fideles</em></span> 
     </span>
     <span class='ocr_line' id='line_1_13' title="bbox 246 1803 1377 1892; baseline 0.004 -22"><span class='ocrx_word' id='word_1_109' title='bbox 246 1809 278 1870; x_wconf 90' lang='lat' dir='ltr'><em>in</em></span> <span class='ocrx_word' id='word_1_110' title='bbox 299 1805 362 1870; x_wconf 90' lang='lat' dir='ltr'><em>fide</em></span> <span class='ocrx_word' id='word_1_111' title='bbox 376 1805 447 1891; x_wconf 86' lang='lat' dir='ltr'><em>jam</em></span> <span class='ocrx_word' id='word_1_112' title='bbox 464 1814 595 1888; x_wconf 90' lang='lat' dir='ltr'><em>accepta</em></span> <span class='ocrx_word' id='word_1_113' title='bbox 613 1803 817 1867; x_wconf 87' lang='lat' dir='ltr'><em>confirmasse</em></span> <span class='ocrx_word' id='word_1_114' title='bbox 838 1806 953 1889; x_wconf 84' lang='lat' dir='ltr'><em>legitur</em></span> <span class='ocrx_word' id='word_1_115' title='bbox 969 1806 1028 1892; x_wconf 78' lang='lat'>(5).</span> <span class='ocrx_word' id='word_1_116' title='bbox 1052 1806 1172 1872; x_wconf 85' lang='lat' dir='ltr'><em>Galatae</em></span> <span class='ocrx_word' id='word_1_117' title='bbox 1189 1810 1290 1873; x_wconf 93' lang='lat' dir='ltr'><em>multo</em></span> <span class='ocrx_word' id='word_1_118' title='bbox 1307 1811 1377 1873; x_wconf 82' lang='lat' dir='ltr'><em>fcr-</em></span> 
     </span>
     <span class='ocr_line' id='line_1_14' title="bbox 245 1902 1375 1993; baseline 0.003 -20"><span class='ocrx_word' id='word_1_119' title='bbox 245 1930 322 1973; x_wconf 88' lang='lat' dir='ltr'><em>vore</em></span> <span class='ocrx_word' id='word_1_120' title='bbox 339 1907 435 1971; x_wconf 88' lang='lat' dir='ltr'><em>fidem</em></span> <span class='ocrx_word' id='word_1_121' title='bbox 452 1907 590 1991; x_wconf 79' lang='lat' dir='ltr'><em>amplexi</em></span> <span class='ocrx_word' id='word_1_122' title='bbox 609 1915 692 1988; x_wconf 92' lang='lat' dir='ltr'><em>sunt,</em></span> <span class='ocrx_word' id='word_1_123' title='bbox 718 1907 883 1991; x_wconf 85' lang='lat' dir='ltr'><em>multaque</em></span> <span class='ocrx_word' id='word_1_124' title='bbox 903 1902 1038 1993; x_wconf 85' lang='lat' dir='ltr'><em>adversa</em></span> <span class='ocrx_word' id='word_1_125' title='bbox 1061 1931 1120 1992; x_wconf 88' lang='lat' dir='ltr'><em>pro</em></span> <span class='ocrx_word' id='word_1_126' title='bbox 1136 1910 1258 1976; x_wconf 87' lang='lat' dir='ltr'><em>Christo</em></span> <span class='ocrx_word' id='word_1_127' title='bbox 1278 1915 1375 1976; x_wconf 90' lang='lat' dir='ltr'><em>susti-</em></span> 
     </span>
    </p>
   </div>
   <div class='ocr_carea' id='block_1_4' title="bbox 246 2009 1376 2094">
    <p class='ocr_par' dir='ltr' id='par_1_4' title="bbox 246 2009 1376 2094">
     <span class='ocr_line' id='line_1_15' title="bbox 246 2009 1376 2094; baseline 0.004 -20"><span class='ocrx_word' id='word_1_128' title='bbox 246 2021 386 2077; x_wconf 86' lang='lat' dir='ltr'><em>nuerunt</em></span> <span class='ocrx_word' id='word_1_129' title='bbox 406 2011 546 2074; x_wconf 87' lang='lat' dir='ltr'><em>roborati</em></span> <span class='ocrx_word' id='word_1_130' title='bbox 568 2009 668 2093; x_wconf 83' lang='lat' dir='ltr'><em>gratia</em></span> <span class='ocrx_word' id='word_1_131' title='bbox 687 2009 754 2089; x_wconf 93' lang='lat' dir='ltr'><em>Dci,</em></span> <span class='ocrx_word' id='word_1_132' title='bbox 776 2011 830 2094; x_wconf 88' lang='lat' dir='ltr'><em>qui</em></span> <span class='ocrx_word' id='word_1_133' title='bbox 855 2031 966 2073; x_wconf 89' lang='lat' dir='ltr'><em>eorum</em></span> <span class='ocrx_word' id='word_1_134' title='bbox 990 2009 1087 2075; x_wconf 87' lang='lat' dir='ltr'><em>fidem</em></span> <span class='ocrx_word' id='word_1_135' title='bbox 1113 2014 1275 2077; x_wconf 87' lang='lat' dir='ltr'><em>miraculis</em></span> <span class='ocrx_word' id='word_1_136' title='bbox 1297 2016 1376 2078; x_wconf 90' lang='lat' dir='ltr'><em>illu-</em></span> 
     </span>
    </p>
   </div>
   <div class='ocr_carea' id='block_1_5' title="bbox 243 2088 455 2208">
    <p class='ocr_par' dir='ltr' id='par_1_5' title="bbox 243 2088 455 2208">
     <span class='ocr_line' id='line_1_16' title="bbox 243 2088 455 2208; baseline -0.005 -28"><span class='ocrx_word' id='word_1_137' title='bbox 243 2118 366 2181; x_wconf 81' lang='lat' dir='ltr'><em>soahat</em></span> <span class='ocrx_word' id='word_1_138' title='bbox 380 2088 455 2208; x_wconf 70' lang='grc'>(4)]</span> 
     </span>
    </p>
   </div>
   <div class='ocr_carea' id='block_1_6' title="bbox 170 2218 1376 2410">
    <p class='ocr_par' dir='ltr' id='par_1_6' title="bbox 170 2218 1376 2410">
     <span class='ocr_line' id='line_1_17' title="bbox 170 2218 1376 2303; baseline 0.005 -22"><span class='ocrx_word' id='word_1_139' title='bbox 170 2277 177 2295; x_wconf 85' lang='grc'><strong><em>,</em></strong></span> <span class='ocrx_word' id='word_1_140' title='bbox 288 2222 319 2283; x_wconf 74' lang='lat'><em>2.</em></span> <span class='ocrx_word' id='word_1_141' title='bbox 340 2220 440 2284; x_wconf 81' lang='lat' dir='ltr'><em>Causa</em></span> <span class='ocrx_word' id='word_1_142' title='bbox 462 2231 488 2281; x_wconf 88' lang='lat' dir='ltr'><em>et</em></span> <span class='ocrx_word' id='word_1_143' title='bbox 509 2219 589 2282; x_wconf 84' lang='lat' dir='ltr'><em>locas</em></span> <span class='ocrx_word' id='word_1_144' title='bbox 606 2220 768 2285; x_wconf 72' lang='lat' dir='ltr'><em>saltenda</em></span> <span class='ocrx_word' id='word_1_145' title='bbox 783 2218 940 2303; x_wconf 74' lang='lat' dir='ltr'><em>Epistola.</em></span> <span class='ocrx_word' id='word_1_146' title='bbox 964 2219 1071 2300; x_wconf 84' lang='lat' dir='ltr'><em>Quum</em></span> <span class='ocrx_word' id='word_1_147' title='bbox 1088 2222 1133 2285; x_wconf 91' lang='lat' dir='ltr'><em>sic</em></span> <span class='ocrx_word' id='word_1_148' title='bbox 1151 2223 1183 2284; x_wconf 93' lang='lat' dir='ltr'><em>iu</em></span> <span class='ocrx_word' id='word_1_149' title='bbox 1199 2224 1250 2287; x_wconf 81' lang='lat' dir='ltr'><em>via</em></span> <span class='ocrx_word' id='word_1_150' title='bbox 1267 2224 1376 2287; x_wconf 90' lang='lat' dir='ltr'><em>salutis</em></span> 
     </span>
     <span class='ocr_line' id='line_1_18' title="bbox 243 2319 1376 2410; baseline 0.002 -24"><span class='ocrx_word' id='word_1_151' title='bbox 243 2323 326 2387; x_wconf 91' lang='lat' dir='ltr'><em>bene</em></span> <span class='ocrx_word' id='word_1_152' title='bbox 347 2331 510 2386; x_wconf 87' lang='lat' dir='ltr'><em>currerent</em></span> <span class='ocrx_word' id='word_1_153' title='bbox 530 2320 650 2386; x_wconf 66' lang='lat' dir='ltr'><em>Galatae</em></span> <span class='ocrx_word' id='word_1_154' title='bbox 666 2321 753 2408; x_wconf 86' lang='lat' dir='ltr'><em>(Gal.</em></span> <span class='ocrx_word' id='word_1_155' title='bbox 773 2321 813 2402; x_wconf 87' lang='lat' dir='ltr'><em>V,</em></span> <span class='ocrx_word' id='word_1_156' title='bbox 833 2320 879 2404; x_wconf 87' lang='lat'><em>7),</em></span> <span class='ocrx_word' id='word_1_157' title='bbox 898 2333 1162 2406; x_wconf 85' lang='lat' dir='ltr'><em>supervenerunt,</em></span> <span class='ocrx_word' id='word_1_158' title='bbox 1183 2319 1288 2389; x_wconf 82' lang='lat' dir='ltr'><em>statim</em></span> <span class='ocrx_word' id='word_1_159' title='bbox 1304 2336 1376 2410; x_wconf 87' lang='lat' dir='ltr'><em>post</em></span> 
     </span>
    </p>
   </div>
   <div class='ocr_carea' id='block_1_7' title="bbox 243 2423 1579 2525">
    <p class='ocr_par' dir='ltr' id='par_1_7' title="bbox 243 2423 1579 2525">
     <span class='ocr_line' id='line_1_19' title="bbox 243 2423 1579 2525; baseline 0.001 -37"><span class='ocrx_word' id='word_1_160' title='bbox 243 2425 386 2509; x_wconf 83' lang='lat' dir='ltr'><em>Apostoli</em></span> <span class='ocrx_word' id='word_1_161' title='bbox 410 2423 607 2505; x_wconf 82' lang='lat' dir='ltr'><em>discessum,</em></span> <span class='ocrx_word' id='word_1_162' title='bbox 642 2423 774 2509; x_wconf 91' lang='lat' dir='ltr'><em>quidam</em></span> <span class='ocrx_word' id='word_1_163' title='bbox 798 2424 868 2486; x_wconf 87' lang='lat' dir='ltr'><em>salsi</em></span> <span class='ocrx_word' id='word_1_164' title='bbox 894 2423 1041 2488; x_wconf 87' lang='lat' dir='ltr'><em>doctores</em></span> <span class='ocrx_word' id='word_1_165' title='bbox 1059 2424 1285 2510; x_wconf 83' lang='lat' dir='ltr'><em>judaizantes,</em></span> <span class='ocrx_word' id='word_1_166' title='bbox 1319 2429 1376 2513; x_wconf 91' lang='lat' dir='ltr'><em>qui</em></span> <span class='ocrx_word' id='word_1_167' title='bbox 1454 2518 1457 2522; x_wconf 17' lang='grc' dir='ltr'>Ι</span> <span class='ocrx_word' id='word_1_168' title='bbox 1543 2484 1547 2489; x_wconf 90' lang='grc'><em>,</em></span> <span class='ocrx_word' id='word_1_169' title='bbox 1578 2512 1579 2525; x_wconf 17' lang='lat'>¹</span> 
     </span>
    </p>
   </div>
   <div class='ocr_carea' id='block_1_8' title="bbox 214 2525 1375 3023">
    <p class='ocr_par' dir='ltr' id='par_1_8' title="bbox 214 2525 1375 3023">
     <span class='ocr_line' id='line_1_20' title="bbox 243 2525 1375 2616; baseline 0.002 -25"><span class='ocrx_word' id='word_1_170' title='bbox 243 2529 347 2591; x_wconf 87' lang='lat' dir='ltr'><em>conati</em></span> <span class='ocrx_word' id='word_1_171' title='bbox 372 2536 444 2590; x_wconf 88' lang='lat' dir='ltr'><em>sunt</em></span> <span class='ocrx_word' id='word_1_172' title='bbox 467 2525 586 2591; x_wconf 90' lang='lat' dir='ltr'><em>Galatis</em></span> <span class='ocrx_word' id='word_1_173' title='bbox 611 2526 782 2591; x_wconf 70' lang='lat' dir='ltr'><em>obtrudere</em></span> <span class='ocrx_word' id='word_1_174' title='bbox 806 2528 891 2591; x_wconf 91' lang='lat' dir='ltr'><em>hanc</em></span> <span class='ocrx_word' id='word_1_175' title='bbox 915 2528 1030 2591; x_wconf 80' lang='lat' dir='ltr'><em>falsam</em></span> <span class='ocrx_word' id='word_1_176' title='bbox 1053 2526 1257 2612; x_wconf 83' lang='lat' dir='ltr'><em>doctrinam,</em></span> <span class='ocrx_word' id='word_1_177' title='bbox 1287 2530 1375 2616; x_wconf 92' lang='lat' dir='ltr'><em>quod</em></span> 
     </span>
     <span class='ocr_line' id='line_1_21' title="bbox 242 2629 1375 2716; baseline 0.004 -24"><span class='ocrx_word' id='word_1_178' title='bbox 242 2629 442 2716; x_wconf 58' lang='lat' dir='ltr'><em>Qo</em></span> <span class='ocrx_word' id='word_1_179' title='bbox 461 2631 588 2714; x_wconf 88' lang='lat' dir='ltr'><em>aliaque</em></span> <span class='ocrx_word' id='word_1_180' title='bbox 605 2630 696 2712; x_wconf 79' lang='lat' dir='ltr'><em>Legis</em></span> <span class='ocrx_word' id='word_1_181' title='bbox 712 2639 871 2714; x_wconf 83' lang='lat' dir='ltr'><em>praeccpta</em></span> <span class='ocrx_word' id='word_1_182' title='bbox 890 2639 993 2692; x_wconf 87' lang='lat' dir='ltr'><em>essent</em></span> <span class='ocrx_word' id='word_1_183' title='bbox 1016 2632 1193 2695; x_wconf 88' lang='lat' dir='ltr'><em>necessario</em></span> <span class='ocrx_word' id='word_1_184' title='bbox 1217 2631 1375 2697; x_wconf 87' lang='lat' dir='ltr'><em>servanda</em></span> 
     </span>
     <span class='ocr_line' id='line_1_22' title="bbox 214 2728 1375 2816; baseline 0.003 -22"><span class='ocrx_word' id='word_1_185' title='bbox 214 2754 215 2758; x_wconf 47' lang='lat'>¹</span> <span class='ocrx_word' id='word_1_186' title='bbox 241 2729 283 2794; x_wconf 87' lang='lat' dir='ltr'><em>ad</em></span> <span class='ocrx_word' id='word_1_187' title='bbox 301 2731 436 2794; x_wconf 89' lang='lat' dir='ltr'><em>salutem</em></span> <span class='ocrx_word' id='word_1_188' title='bbox 453 2728 659 2793; x_wconf 86' lang='lat' dir='ltr'><em>obtinendam</em></span> <span class='ocrx_word' id='word_1_189' title='bbox 685 2730 727 2793; x_wconf 92' lang='lat' dir='ltr'><em>ab</em></span> <span class='ocrx_word' id='word_1_190' title='bbox 752 2731 901 2794; x_wconf 92' lang='lat' dir='ltr'><em>omnibus</em></span> <span class='ocrx_word' id='word_1_191' title='bbox 925 2732 974 2814; x_wconf 91' lang='lat' dir='ltr'><em>iis,</em></span> <span class='ocrx_word' id='word_1_192' title='bbox 993 2733 1098 2816; x_wconf 86' lang='lat' dir='ltr'><em>quiin</em></span> <span class='ocrx_word' id='word_1_193' title='bbox 1116 2733 1276 2797; x_wconf 85' lang='lat' dir='ltr'><em>Christum</em></span> <span class='ocrx_word' id='word_1_194' title='bbox 1300 2755 1375 2797; x_wconf 90' lang='lat' dir='ltr'><em>crc-</em></span> 
     </span>
     <span class='ocr_line' id='line_1_23' title="bbox 240 2816 1373 2920; baseline 0.001 -23"><span class='ocrx_word' id='word_1_195' title='bbox 240 2832 372 2915; x_wconf 88' lang='lat' dir='ltr'><em>debant,</em></span> <span class='ocrx_word' id='word_1_196' title='bbox 391 2834 455 2896; x_wconf 90' lang='lat' dir='ltr'><em>sivc</em></span> <span class='ocrx_word' id='word_1_197' title='bbox 479 2816 612 2918; x_wconf 83' lang='lat' dir='ltr'><em>gentilos</em></span> <span class='ocrx_word' id='word_1_198' title='bbox 634 2843 749 2915; x_wconf 91' lang='lat' dir='ltr'><em>essent,</em></span> <span class='ocrx_word' id='word_1_199' title='bbox 769 2833 834 2896; x_wconf 89' lang='lat' dir='ltr'><em>sive</em></span> <span class='ocrx_word' id='word_1_200' title='bbox 850 2831 964 2896; x_wconf 83' lang='lat' dir='ltr'><em>ludaei.</em></span> <span class='ocrx_word' id='word_1_201' title='bbox 987 2833 1069 2914; x_wconf 87' lang='lat' dir='ltr'><em>Quia</em></span> <span class='ocrx_word' id='word_1_202' title='bbox 1085 2856 1162 2899; x_wconf 72' lang='lat' dir='ltr'><em>vcro</em></span> <span class='ocrx_word' id='word_1_203' title='bbox 1177 2836 1268 2899; x_wconf 92' lang='lat' dir='ltr'><em>Pauli</em></span> <span class='ocrx_word' id='word_1_204' title='bbox 1287 2858 1373 2920; x_wconf 83' lang='lat' dir='ltr'><em>prae-</em></span> 
     </span>
     <span class='ocr_line' id='line_1_24' title="bbox 240 2934 1373 3023; baseline 0.003 -24"><span class='ocrx_word' id='word_1_205' title='bbox 240 2935 357 3000; x_wconf 89' lang='lat' dir='ltr'><em>dicatio</em></span> <span class='ocrx_word' id='word_1_206' title='bbox 389 2937 463 3020; x_wconf 91' lang='lat' dir='ltr'><em>ipsis</em></span> <span class='ocrx_word' id='word_1_207' title='bbox 493 2944 561 2999; x_wconf 90' lang='lat' dir='ltr'><em>erat</em></span> <span class='ocrx_word' id='word_1_208' title='bbox 586 2936 768 3018; x_wconf 87' lang='lat' dir='ltr'><em>contraria,</em></span> <span class='ocrx_word' id='word_1_209' title='bbox 796 2934 944 2998; x_wconf 88' lang='lat' dir='ltr'><em>omnibus</em></span> <span class='ocrx_word' id='word_1_210' title='bbox 967 2935 1070 2998; x_wconf 91' lang='lat' dir='ltr'><em>modis</em></span> <span class='ocrx_word' id='word_1_211' title='bbox 1094 2937 1281 3021; x_wconf 84' lang='lat' dir='ltr'><em>satagebant</em></span> <span class='ocrx_word' id='word_1_212' title='bbox 1305 2939 1373 3023; x_wconf 87' lang='lat' dir='ltr'><em>ejus</em></span> 
     </span>
    </p>
   </div>
   <div class='ocr_carea' id='block_1_9' title="bbox 135 3026 1374 3124">
    <p class='ocr_par' dir='ltr' id='par_1_9' title="bbox 135 3026 1374 3124">
     <span class='ocr_line' id='line_1_25' title="bbox 135 3026 1374 3124; baseline 0.002 -22"><span class='ocrx_word' id='word_1_213' title='bbox 135 3026 137 3029; x_wconf 27' lang='lat'>⁸</span> <span class='ocrx_word' id='word_1_214' title='bbox 240 3040 461 3103; x_wconf 90' lang='lat' dir='ltr'><em>auctoritatem</em></span> <span class='ocrx_word' id='word_1_215' title='bbox 480 3047 634 3102; x_wconf 85' lang='lat' dir='ltr'><em>evertere.</em></span> <span class='ocrx_word' id='word_1_216' title='bbox 651 3037 745 3117; x_wconf 80' lang='lat' dir='ltr'><em>Quod</em></span> <span class='ocrx_word' id='word_1_217' title='bbox 758 3048 793 3101; x_wconf 93' lang='lat' dir='ltr'><em>ut</em></span> <span class='ocrx_word' id='word_1_218' title='bbox 805 3038 932 3101; x_wconf 87' lang='lat' dir='ltr'><em>rescivit</em></span> <span class='ocrx_word' id='word_1_219' title='bbox 943 3038 1073 3121; x_wconf 87' lang='lat' dir='ltr'><em>Paulus,</em></span> <span class='ocrx_word' id='word_1_220' title='bbox 1093 3040 1148 3123; x_wconf 91' lang='lat' dir='ltr'><em>qui</em></span> <span class='ocrx_word' id='word_1_221' title='bbox 1165 3048 1240 3103; x_wconf 89' lang='lat' dir='ltr'><em>tuuc</em></span> <span class='ocrx_word' id='word_1_222' title='bbox 1257 3040 1374 3124; x_wconf 84' lang='lat' dir='ltr'><em>Ephesi</em></span> 
     </span>
    </p>
   </div>
   <div class='ocr_carea' id='block_1_10' title="bbox 237 3139 1373 3944">
    <p class='ocr_par' dir='ltr' id='par_1_10' title="bbox 237 3139 1373 3944">
     <span class='ocr_line' id='line_1_26' title="bbox 241 3139 1373 3227; baseline 0.001 -22"><span class='ocrx_word' id='word_1_223' title='bbox 241 3142 451 3224; x_wconf 87' lang='lat' dir='ltr'><em>morabatur,</em></span> <span class='ocrx_word' id='word_1_224' title='bbox 484 3143 608 3226; x_wconf 85' lang='lat' dir='ltr'><em>scripsit</em></span> <span class='ocrx_word' id='word_1_225' title='bbox 632 3140 673 3203; x_wconf 89' lang='lat' dir='ltr'><em>ad</em></span> <span class='ocrx_word' id='word_1_226' title='bbox 697 3141 847 3204; x_wconf 75' lang='lat' dir='ltr'><em>ecclesias</em></span> <span class='ocrx_word' id='word_1_227' title='bbox 871 3139 1002 3204; x_wconf 86' lang='lat' dir='ltr'><em>Galatiae</em></span> <span class='ocrx_word' id='word_1_228' title='bbox 1027 3162 1117 3224; x_wconf 89' lang='lat' dir='ltr'><em>eam,</em></span> <span class='ocrx_word' id='word_1_229' title='bbox 1144 3164 1243 3227; x_wconf 88' lang='lat' dir='ltr'><em>quam</em></span> <span class='ocrx_word' id='word_1_230' title='bbox 1265 3141 1373 3207; x_wconf 89' lang='lat' dir='ltr'><em>adhuc</em></span> 
     </span>
     <span class='ocr_line' id='line_1_27' title="bbox 240 3229 1372 3328; baseline 0.002 -23"><span class='ocrx_word' id='word_1_231' title='bbox 240 3243 396 3307; x_wconf 83' lang='lat' dir='ltr'><em>habemus</em></span> <span class='ocrx_word' id='word_1_232' title='bbox 412 3245 597 3328; x_wconf 88' lang='lat' dir='ltr'><em>Epistolam,</em></span> <span class='ocrx_word' id='word_1_233' title='bbox 616 3243 647 3305; x_wconf 90' lang='lat' dir='ltr'><em>in</em></span> <span class='ocrx_word' id='word_1_234' title='bbox 667 3263 728 3326; x_wconf 89' lang='lat' dir='ltr'><em>qua</em></span> <span class='ocrx_word' id='word_1_235' title='bbox 749 3242 845 3305; x_wconf 79' lang='lat' dir='ltr'><em>falsos</em></span> <span class='ocrx_word' id='word_1_236' title='bbox 861 3240 1007 3306; x_wconf 89' lang='lat' dir='ltr'><em>doctores</em></span> <span class='ocrx_word' id='word_1_237' title='bbox 1025 3229 1179 3326; x_wconf 84' lang='lat' dir='ltr'><em>edolatat,</em></span> <span class='ocrx_word' id='word_1_238' title='bbox 1200 3253 1231 3308; x_wconf 89' lang='lat' dir='ltr'><em>et</em></span> <span class='ocrx_word' id='word_1_239' title='bbox 1249 3243 1372 3310; x_wconf 89' lang='lat' dir='ltr'><em>doctri-</em></span> 
     </span>
     <span class='ocr_line' id='line_1_28' title="bbox 240 3341 1371 3432; baseline 0.002 -25"><span class='ocrx_word' id='word_1_240' title='bbox 240 3367 315 3408; x_wconf 86' lang='lat' dir='ltr'><em>nam</em></span> <span class='ocrx_word' id='word_1_241' title='bbox 340 3344 469 3428; x_wconf 81' lang='lat' dir='ltr'><em>stabilit,</em></span> <span class='ocrx_word' id='word_1_242' title='bbox 489 3366 587 3432; x_wconf 89' lang='lat' dir='ltr'><em>quam</em></span> <span class='ocrx_word' id='word_1_243' title='bbox 605 3343 676 3430; x_wconf 89' lang='lat' dir='ltr'><em>jam</em></span> <span class='ocrx_word' id='word_1_244' title='bbox 700 3341 837 3407; x_wconf 89' lang='lat' dir='ltr'><em>vidimus</em></span> <span class='ocrx_word' id='word_1_245' title='bbox 854 3344 886 3407; x_wconf 94' lang='lat' dir='ltr'><em>in</em></span> <span class='ocrx_word' id='word_1_246' title='bbox 905 3346 1045 3429; x_wconf 85' lang='lat' dir='ltr'><em>Epistola</em></span> <span class='ocrx_word' id='word_1_247' title='bbox 1064 3345 1107 3408; x_wconf 90' lang='lat' dir='ltr'><em>ad</em></span> <span class='ocrx_word' id='word_1_248' title='bbox 1124 3348 1288 3411; x_wconf 84' lang='lat' dir='ltr'><em>Romanos</em></span> <span class='ocrx_word' id='word_1_249' title='bbox 1311 3369 1371 3410; x_wconf 83' lang='lat' dir='ltr'><em>cr-</em></span> 
     </span>
     <span class='ocr_line' id='line_1_29' title="bbox 239 3444 1370 3534; baseline 0.004 -25"><span class='ocrx_word' id='word_1_250' title='bbox 239 3444 428 3531; x_wconf 71' lang='lat' dir='ltr'><em>positam]E</em></span> <span class='ocrx_word' id='word_1_251' title='bbox 444 3469 507 3532; x_wconf 91' lang='lat' dir='ltr'><em>quo</em></span> <span class='ocrx_word' id='word_1_252' title='bbox 526 3448 597 3510; x_wconf 90' lang='lat' dir='ltr'><em>loco</em></span> <span class='ocrx_word' id='word_1_253' title='bbox 611 3447 770 3531; x_wconf 86' lang='lat' dir='ltr'><em>scripserit</em></span> <span class='ocrx_word' id='word_1_254' title='bbox 786 3446 958 3530; x_wconf 87' lang='lat' dir='ltr'><em>Apostolus</em></span> <span class='ocrx_word' id='word_1_255' title='bbox 974 3457 1005 3511; x_wconf 88' lang='lat' dir='ltr'><em>ct</em></span> <span class='ocrx_word' id='word_1_256' title='bbox 1018 3470 1082 3534; x_wconf 95' lang='lat' dir='ltr'><em>quo</em></span> <span class='ocrx_word' id='word_1_257' title='bbox 1098 3457 1256 3533; x_wconf 85' lang='lat' dir='ltr'><em>tempore,</em></span> <span class='ocrx_word' id='word_1_258' title='bbox 1274 3450 1311 3512; x_wconf 93' lang='lat' dir='ltr'><em>lis</em></span> <span class='ocrx_word' id='word_1_259' title='bbox 1323 3459 1370 3514; x_wconf 89' lang='lat' dir='ltr'><em>est</em></span> 
     </span>
     <span class='ocr_line' id='line_1_30' title="bbox 237 3548 1368 3636; baseline 0.004 -24"><span class='ocrx_word' id='word_1_260' title='bbox 237 3552 321 3612; x_wconf 90' lang='lat' dir='ltr'><em>inter</em></span> <span class='ocrx_word' id='word_1_261' title='bbox 333 3559 490 3613; x_wconf 91' lang='lat' dir='ltr'><em>auctores.</em></span> <span class='ocrx_word' id='word_1_262' title='bbox 502 3550 534 3613; x_wconf 87' lang='lat' dir='ltr'><em>S.</em></span> <span class='ocrx_word' id='word_1_263' title='bbox 545 3550 769 3634; x_wconf 84' lang='lat' dir='ltr'><em>Hieronymus,</em></span> <span class='ocrx_word' id='word_1_264' title='bbox 785 3558 816 3612; x_wconf 91' lang='lat' dir='ltr'><em>ct</em></span> <span class='ocrx_word' id='word_1_265' title='bbox 828 3548 1059 3631; x_wconf 83' lang='lat' dir='ltr'><em>Theodoretus,</em></span> <span class='ocrx_word' id='word_1_266' title='bbox 1074 3571 1148 3615; x_wconf 92' lang='lat' dir='ltr'><em>eum</em></span> <span class='ocrx_word' id='word_1_267' title='bbox 1163 3551 1368 3636; x_wconf 91' lang='lat' dir='ltr'><em>subscriptio—</em></span> 
     </span>
     <span class='ocr_line' id='line_1_31' title="bbox 237 3648 1368 3739; baseline 0.007 -29"><span class='ocrx_word' id='word_1_268' title='bbox 237 3649 331 3713; x_wconf 88' lang='lat' dir='ltr'><em>nibus</em></span> <span class='ocrx_word' id='word_1_269' title='bbox 360 3649 576 3733; x_wconf 88' lang='lat' dir='ltr'><em>quorumdam</em></span> <span class='ocrx_word' id='word_1_270' title='bbox 603 3648 776 3732; x_wconf 92' lang='lat' dir='ltr'><em>codicum,</em></span> <span class='ocrx_word' id='word_1_271' title='bbox 817 3660 930 3735; x_wconf 88' lang='lat' dir='ltr'><em>putant</em></span> <span class='ocrx_word' id='word_1_272' title='bbox 963 3654 1074 3716; x_wconf 72' lang='lat' dir='ltr'><em>Romae</em></span> <span class='ocrx_word' id='word_1_273' title='bbox 1097 3655 1248 3739; x_wconf 86' lang='lat' dir='ltr'><em>scriptam</em></span> <span class='ocrx_word' id='word_1_274' title='bbox 1273 3655 1368 3718; x_wconf 86' lang='lat' dir='ltr'><em>luisse</em></span> 
     </span>
     <span class='ocr_line' id='line_1_32' title="bbox 237 3752 1368 3839; baseline 0.007 -25"><span class='ocrx_word' id='word_1_275' title='bbox 237 3752 409 3835; x_wconf 89' lang='lat' dir='ltr'><em>Epistolam</em></span> <span class='ocrx_word' id='word_1_276' title='bbox 424 3753 456 3815; x_wconf 90' lang='lat' dir='ltr'><em>in</em></span> <span class='ocrx_word' id='word_1_277' title='bbox 471 3754 581 3837; x_wconf 90' lang='lat' dir='ltr'><em>primis</em></span> <span class='ocrx_word' id='word_1_278' title='bbox 595 3754 686 3816; x_wconf 87' lang='lat' dir='ltr'><em>Pauli</em></span> <span class='ocrx_word' id='word_1_279' title='bbox 702 3754 849 3817; x_wconf 86' lang='lat' dir='ltr'><em>vinculis.</em></span> <span class='ocrx_word' id='word_1_280' title='bbox 864 3752 927 3816; x_wconf 85' lang='lat' dir='ltr'><em>Sed</em></span> <span class='ocrx_word' id='word_1_281' title='bbox 944 3776 1043 3839; x_wconf 88' lang='lat' dir='ltr'><em>quum</em></span> <span class='ocrx_word' id='word_1_282' title='bbox 1063 3756 1265 3820; x_wconf 86' lang='lat' dir='ltr'><em>vinculorum</em></span> <span class='ocrx_word' id='word_1_283' title='bbox 1277 3758 1368 3822; x_wconf 89' lang='lat' dir='ltr'><em>Pauli</em></span> 
     </span>
     <span class='ocr_line' id='line_1_33' title="bbox 238 3855 1364 3944; baseline 0.007 -28"><span class='ocrx_word' id='word_1_284' title='bbox 238 3855 327 3918; x_wconf 87' lang='lat' dir='ltr'><em>nulla</em></span> <span class='ocrx_word' id='word_1_285' title='bbox 340 3857 458 3919; x_wconf 88' lang='lat' dir='ltr'><em>mentio</em></span> <span class='ocrx_word' id='word_1_286' title='bbox 472 3866 619 3920; x_wconf 88' lang='lat' dir='ltr'><em>occurrat</em></span> <span class='ocrx_word' id='word_1_287' title='bbox 631 3858 664 3919; x_wconf 94' lang='lat' dir='ltr'><em>in</em></span> <span class='ocrx_word' id='word_1_288' title='bbox 677 3858 829 3941; x_wconf 88' lang='lat' dir='ltr'><em>Epistola,</em></span> <span class='ocrx_word' id='word_1_289' title='bbox 842 3859 944 3942; x_wconf 82' lang='lat' dir='ltr'><em>magis</em></span> <span class='ocrx_word' id='word_1_290' title='bbox 956 3859 1062 3942; x_wconf 88' lang='lat' dir='ltr'><em>placet</em></span> <span class='ocrx_word' id='word_1_291' title='bbox 1073 3879 1186 3923; x_wconf 88' lang='lat' dir='ltr'><em>eorum</em></span> <span class='ocrx_word' id='word_1_292' title='bbox 1200 3861 1364 3944; x_wconf 87' lang='lat' dir='ltr'><em>sententia,</em></span> 
     </span>
    </p>
   </div>
   <div class='ocr_carea' id='block_1_11' title="bbox 173 4100 1363 4406">
    <p class='ocr_par' dir='ltr' id='par_1_11' title="bbox 173 4100 1363 4245">
     <span class='ocr_line' id='line_1_34' title="bbox 265 4100 1363 4171; baseline 0.007 -21"><span class='ocrx_word' id='word_1_293' title='bbox 265 4100 301 4164; x_wconf 88' lang='lat' dir='ltr'><em>(t)</em></span> <span class='ocrx_word' id='word_1_294' title='bbox 312 4102 363 4152; x_wconf 84' lang='lat' dir='ltr'><em>Gtr.</em></span> <span class='ocrx_word' id='word_1_295' title='bbox 379 4101 575 4165; x_wconf 81' lang='lat' dir='ltr'><em>Wiottisctnnan,</em></span> <span class='ocrx_word' id='word_1_296' title='bbox 591 4103 775 4171; x_wconf 73' lang='lat' dir='ltr'><em>Aerttaeranp,</em></span> <span class='ocrx_word' id='word_1_297' title='bbox 787 4106 831 4156; x_wconf 81' lang='lat' dir='ltr'><em>des</em></span> <span class='ocrx_word' id='word_1_298' title='bbox 846 4105 944 4170; x_wconf 75' lang='lat' dir='ltr'><em>arasa</em></span> <span class='ocrx_word' id='word_1_299' title='bbox 957 4119 993 4157; x_wconf 82' lang='lat' dir='ltr'><em>aa</em></span> <span class='ocrx_word' id='word_1_300' title='bbox 1003 4107 1045 4158; x_wconf 83' lang='lat' dir='ltr'><em>die</em></span> <span class='ocrx_word' id='word_1_301' title='bbox 1056 4104 1170 4170; x_wconf 84' lang='lat' dir='ltr'><em>Galater,</em></span> <span class='ocrx_word' id='word_1_302' title='bbox 1186 4107 1276 4170; x_wconf 75' lang='lat' dir='ltr'><em>Maior,</em></span> <span class='ocrx_word' id='word_1_303' title='bbox 1290 4108 1363 4160; x_wconf 73' lang='lat' dir='ltr'><em>tata.</em></span> 
     </span>
     <span class='ocr_line' id='line_1_35' title="bbox 173 4181 486 4245; baseline 0.01 -14"><span class='ocrx_word' id='word_1_304' title='bbox 173 4220 183 4231; x_wconf 68' lang='grc'>,</span> <span class='ocrx_word' id='word_1_305' title='bbox 266 4181 303 4244; x_wconf 78' lang='lat' dir='ltr'><em>(t)</em></span> <span class='ocrx_word' id='word_1_306' title='bbox 315 4183 374 4233; x_wconf 86' lang='lat' dir='ltr'><em>Aet.</em></span> <span class='ocrx_word' id='word_1_307' title='bbox 386 4183 449 4245; x_wconf 75' lang='lat' dir='ltr'><em>tvl,</em></span> <span class='ocrx_word' id='word_1_308' title='bbox 462 4185 486 4234; x_wconf 81' lang='grc'><em>6.</em></span> 
     </span>
    </p>

    <p class='ocr_par' dir='ltr' id='par_1_12' title="bbox 265 4263 523 4327">
     <span class='ocr_line' id='line_1_36' title="bbox 265 4263 523 4327; baseline 0.023 -15"><span class='ocrx_word' id='word_1_309' title='bbox 265 4263 301 4326; x_wconf 73' lang='lat'><em>(5)</em></span> <span class='ocrx_word' id='word_1_310' title='bbox 314 4263 371 4315; x_wconf 80' lang='lat' dir='ltr'><em>Act.</em></span> <span class='ocrx_word' id='word_1_311' title='bbox 382 4265 466 4327; x_wconf 72' lang='lat' dir='ltr'><em>arnt,</em></span> <span class='ocrx_word' id='word_1_312' title='bbox 482 4266 523 4318; x_wconf 68' lang='lat'><em>25.</em></span> 
     </span>
    </p>

    <p class='ocr_par' dir='ltr' id='par_1_13' title="bbox 268 4343 463 4406">
     <span class='ocr_line' id='line_1_37' title="bbox 268 4343 463 4406; baseline 0.031 -15"><span class='ocrx_word' id='word_1_313' title='bbox 268 4343 463 4406; x_wconf 51' lang='lat' dir='ltr'><em>mmm&amp;</em></span> 
     </span>
    </p>
   </div>
   <div class='ocr_carea' id='block_1_12' title="bbox 0 0 1588 4948">
    <p class='ocr_par' dir='ltr' id='par_1_14' title="bbox 0 0 1588 4948">
     <span class='ocr_line' id='line_1_38' title="bbox 0 0 1588 4948; baseline 0 6"><span class='ocrx_word' id='word_1_314' title='bbox 0 0 1588 4948; x_wconf 95' lang='lat' dir='ltr'><em> </em></span> 
     </span>
    </p>
   </div>
  </div>
 </body>
</html>
