3168 4948
228 280 291 346 268
445 285 644 347 mraonoorra
664 302 810 346 sanemus
826 303 858 345 m
877 302 903 346 s.
925 301 1124 347 seraranan.

228 400 340 466 ordine
368 403 524 487 pertexit,
547 424 656 467 verum
677 402 837 489 quadam,
860 412 895 466 ut
914 401 1062 486 diximus,
1085 410 1240 487 amputat,
1261 397 1353 465 addit

228 503 292 566 alia
304 501 474 589 susdeque,
484 503 572 588 quod
583 506 684 588 aiunt,
693 505 800 568 omnia
813 504 1003 589 perturbans
1016 526 1076 569 nec
1087 514 1173 568 reete
1186 502 1349 589 gradiens,

228 604 286 669 sed
297 607 452 671 malitiose
466 608 531 673 hue
544 609 685 696 illucque
699 611 863 673 cursitans.
882 635 896 670 ›>
912 611 958 673 Ex
970 610 1019 673 his
1026 608 1097 695 jam
1108 617 1195 694 patet
1207 608 1351 693 Epipha-

228 710 318 772 niam
338 730 463 774 merum
482 711 659 777 indiculum
682 713 804 778 referre
825 734 889 801 non
912 722 1020 777 autem
1044 713 1213 777 Marcionis
1229 722 1353 776 textum

228 811 399 897 integrum.
417 813 511 894 Quod
525 813 731 879 confirmatur
744 814 848 879 verbis
867 839 882 874 ι(
896 815 944 878 καί
955 816 991 879 τὰ
1006 811 1069 890 εξῆς
1086 825 1117 879 et
1129 825 1234 879 cetera
1250 841 1264 876 a
1280 835 1354 901 quae

229 915 301 998 plus
324 917 423 989 semel
440 917 473 979 in
492 917 628 981 decursu
647 927 829 982 occurrunt.
850 917 998 982 Ceterum
1016 917 1129 982 suffieit
1149 918 1255 1003 lege're
1270 916 1354 1002 Epi-

230 1017 385 1101 phaniam
399 1027 434 1081 ut
445 1040 496 1082 res
509 1020 677 1085 manifesta
693 1020 758 1084 fiat.
774 1020 825 1085 Sic
838 1020 897 1084 sub
913 1044 945 1084 n.
964 1020 1005 1083 15
1020 1021 1217 1105 Epiphanius
1229 1017 1325 1083 habet
1342 1039 1350 1080 ε

229 1119 449 1203 Naoipantibus
472 1107 547 1206 ipsis
570 1121 757 1195 obdormivit,
783 1134 815 1184 nt
837 1122 887 1186 ille
903 1144 1029 1208 serpens
1044 1125 1209 1207 increpavit
1233 1133 1354 1185 eentum

230 1232 258 1284 et
284 1244 378 1286 more.
404 1223 541 1304 Quinam
565 1245 642 1290 vero
665 1225 870 1309 navigabant,
894 1227 964 1310 quis
988 1224 1192 1307 obdormivit,
1219 1245 1275 1288 eur
1298 1225 1354 1286 in-

231 1334 396 1407 crepatum
413 1345 513 1409 mare,
534 1347 593 1390 nec
607 1327 641 1390 in
652 1325 914 1391 antecedentibus
929 1349 989 1392 nec
1006 1328 1038 1391 in
1052 1326 1257 1414 sequentibus
1269 1324 1355 1389 dici-

232 1435 296 1488 tur.
311 1426 513 1490 Manifestum
529 1437 575 1491 est
587 1429 682 1512 igitur
695 1429 744 1492 bis
761 1428 867 1492 verbis
883 1428 1085 1494 solummodo
1101 1428 1236 1494 indicari
1253 1448 1356 1513 argu-

231 1537 376 1592 mentum
392 1530 526 1618 alicujus
544 1532 674 1616 capituli
690 1525 853 1618 Evangelii
870 1533 1049 1598 Marcionis.

275 1631 329 1693 46.
351 1631 498 1695 Ceterum
526 1634 559 1697 S.
585 1634 723 1697 Irenaeus
746 1643 778 1697 et
799 1635 1010 1698 Tertullianus
1037 1632 1152 1697 diserte
1171 1634 1356 1718 'probarunt

179 1779 181 1782 -
231 1731 440 1816 Evangelium
459 1734 551 1797 Lucae
571 1734 627 1798 illo
650 1735 818 1798 Marcionis
838 1737 997 1822 antiquius
1013 1756 1092 1799 esse.
1117 1759 1132 1793 ιι
1158 1734 1251 1815 Quod
1274 1756 1355 1820 per·-

231 1833 310 1897 tinet
324 1833 366 1897 ad
384 1837 593 1921 Evangelium
608 1838 712 1918 Lucae,
735 1839 837 1924 inquit
859 1839 1069 1902 Tertullianus
1086 1837 1146 1923 (l),
1166 1837 1247 1902 adeo
1267 1838 1356 1901 anti-

232 1937 325 2021 quius
343 1939 503 2002 Marcione
519 1948 566 2004 est
580 1937 668 2024 quad
682 1948 728 2002 est
741 1937 917 2003 seeundum
935 1961 1004 2021 nas,
1024 1948 1059 2001 ut
1075 1947 1106 2002 et
1121 1940 1188 2024 ipse
1204 1940 1250 2002 illi
1265 1940 1356 2003 Mar-

233 2034 503 2126 cion'aliquando
527 2040 751 2106 crediderit...
779 2042 811 2104 Si
835 2041 868 2105 id
888 2043 1120 2126 Evangelium,
1151 2040 1238 2127 quod
1262 2041 1357 2105 anae

233 2144 383 2223 refertur,
401 2165 497 2229 penes
515 2166 571 2208 nos
589 2145 692 2229 ipsum
709 2153 756 2208 est
773 2142 860 2230 quad
876 2145 1017 2208 Marcion
1036 2166 1094 2228 per
1110 2144 1269 2208 antitheses
1284 2165 1357 2208 snas

234 2249 338 2334 arguit
354 2259 388 2312 nt
406 2250 632 2334 interpolatum
656 2269 674 2311 a
697 2248 929 2332 protectoribus
946 2228 1270 2333 ludaismi...¹utique
1291 2267 1358 2310 non

234 2353 385 2436 potuisset
397 2373 543 2436 arguere,
558 2353 617 2414 nisi
631 2350 718 2436 quod
730 2352 906 2414 invenerat.
924 2351 1025 2414 Nemo
1039 2351 1228 2435 postfutura
1245 2371 1358 2434 repre-

234 2453 346 2518 hendit
358 2475 429 2539 quae
445 2455 570 2539 ignorat
581 2454 688 2517 lutura
702 2476 710 2515 ι
726 2451 907 2526 emendatio
929 2455 1056 2538 culpam
1074 2475 1137 2517 nan
1155 2452 1356 2517 antecedit...

234 2557 347 2643 Itaque
367 2555 444 2620 dnm
465 2554 626 2636 emendat,
645 2565 818 2641 utrumque
844 2554 1022 2638 confirmat3
1043 2567 1074 2620 et
1096 2565 1239 2620 nostrum
1262 2566 1360 2619 ante-

236 2660 312 2742 rius,
331 2657 363 2722 id
379 2657 553 2722 emendans
566 2656 653 2743 quod
669 2659 799 2742 invenit3
818 2666 849 2722 et
864 2657 896 2721 id
912 2660 1078 2742 posterius,
1095 2656 1183 2744 quod
1203 2657 1243 2722 de
1259 2660 1373 2723 nostri·

236 2761 459 2825 emendatione
473 2761 675 2842 constituens,
690 2781 782 2823 suum
798 2769 829 2823 et
840 2781 960 2823 novum
972 2760 1058 2824 iecit.
1077 2786 1091 2821 a
1107 2760 1228 2825 Deinde
1240 2760 1360 2824 decur-

236 2866 276 2928 rit
291 2886 349 2949 per
368 2865 491 2949 singula
509 2864 719 2927 Tertullianus
743 2862 937 2926 Marcionem
957 2884 996 2927 ex
1019 2863 1096 2927 locis
1115 2863 1158 2927 ab
1175 2885 1211 2927 eo
1227 2865 1361 2928 servatis

237 2968 416 3032 confutans.
432 2966 549 3052 Objieit
562 2965 693 3052 quidem
706 2965 917 3031 Eiebhornius
927 2987 966 3029 ex
976 2967 1038 3031 hoc
1051 2967 1244 3030 Marcionem
1257 2965 1361 3030 videri

171 3118 174 3123 «
235 3070 444 3156 Evangelium
458 3091 522 3133 non
535 3068 773 3151 adulteravisse,
789 3069 864 3154 quia
879 3052 1060 3132 servaverat
1071 3069 1146 3133 talia
1159 3090 1229 3154 quae
1242 3067 1361 3132 adver-

238 3196 290 3238 sus
302 3196 376 3238 eum
389 3175 513 3237 retorsit
530 3174 750 3237 Tertullianus.
765 3170 828 3235 Sed
840 3172 1050 3256 respondetur
1062 3173 1268 3256 Marcionem,
1283 3174 1362 3259 quia

237 3276 348 3340 lucum
365 3277 471 3340 lacere
487 3275 627 3358 nolebat,
646 3297 709 3339 non
728 3295 840 3338 ausum
857 3275 953 3338 fuisse
969 3276 1074 3339 omnia
1093 3297 1163 3361 qua
1181 3276 1239 3340 sibi
1256 3297 1361 3361 nego-

238 3380 317 3443 tium
333 3378 532 3443 facessebant
550 3377 743 3460 adulterare,
765 3375 851 3461 qnod
869 3379 927 3462 ipsi
945 3399 1018 3441 eum
1036 3379 1251 3444 Rationalistis
1267 3401 1362 3443 com-

238 3501 335 3544 mune
356 3490 412 3543 est.

158 3576 161 3581 ’
200 3583 203 3587 ’
282 3584 335 3646 47.
362 3583 544 3646 Testimonia
560 3603 762 3666 papauerum.
782 3583 960 3667 Evangeliis
978 3585 1194 3648 testimonium
1210 3585 1361 3670 praebue-

238 3696 313 3750 runt
328 3671 359 3749 et
367 3685 428 3770 ipsi
446 3686 574 3768 pagani.
590 3684 695 3747 Unum
711 3683 876 3748 dumtaxat
890 3706 1028 3771 eumque
1044 3689 1240 3772 praecipuum
1252 3684 1362 3750 addu-

237 3813 312 3857 cam
325 3800 448 3872 testem,
459 3789 584 3853 Celsum
597 3789 834 3873 philosophum,
845 3790 953 3873 paucis
966 3792 1057 3854 annis
1069 3803 1177 3855 natum
1191 3800 1361 3875 postquam

237 3897 378 3960 loannes
398 3915 490 3959 suum
508 3894 716 3978 Evangelium
734 3892 888 3957 ediderat.
910 3894 939 3956 ls
959 3894 992 3957 in
1009 3896 1153 3959 Sermone
1173 3916 1253 3966 aero,
1270 3892 1361 3978 eujus

239 4001 347 4085 scripti
375 3996 530 4083 deperditi
564 3998 743 4082 fragmenta
767 3995 858 4060 nobis
881 3998 1017 4062 servavit
1039 3998 1190 4082 Origenes
1212 3998 1245 4059 in
1272 3995 1362 4059 libris

241 4104 357 4169 Contra
371 4101 502 4174 Celsum,
517 4099 689 4165 inducebat
700 4098 844 4185 judaeum
862 4098 958 4164 fidem
974 4100 1177 4165 christianam
1197 4109 1362 4184 totamque

172 4354 175 4359 ι
273 4322 308 4385 (l)
319 4320 386 4379 aaa.
399 4319 528 4370 Marcion.
546 4318 586 4379 tv,
598 4318 624 4368 t.
