3142 4964
278 257 320 323 56
511 276 711 323 mraonucmo
729 273 876 318 sraelams
893 274 967 318 ms.
985 274 1185 319 SCRIPTUMM.

278 380 431 464 profanos
447 388 593 444 auctores
609 378 694 443 circa
713 375 869 459 originem
886 375 1119 458 Romanorum,
1138 372 1334 460 Graecorum,
1348 378 1412 440 ln-
1442 427 1448 437 .

277 478 406 564 dorum,
415 480 608 562 Sinensium,
617 475 852 559 Chaldaeorum,
861 476 1095 560 AEgyptiorum.
1105 477 1263 563 Tempora
1276 478 1412 543 heroica

278 603 333 646 seu
346 582 494 647 fabulosa
505 581 625 666 ubique
637 589 866 665 precesserunt
878 587 1025 662 tempora
1037 579 1298 661 historicaQuod
1311 582 1412 645 etiam

278 683 319 749 de
331 685 453 770 origine
465 684 577 769 populi
591 681 718 748 iudaici
731 680 905 746 dicendum
919 689 975 745 est.
995 681 1103 745 Prima
1119 682 1206 745 enim
1222 683 1307 760 illins
1324 703 1412 768 gen-

278 788 317 850 tis
336 795 543 852 monumenta
564 785 661 850 rebus
683 785 884 869 portentosis,
911 782 1040 865 fabulis,
1064 784 1192 868 mythis,
1222 782 1264 847 de
1286 785 1411 849 unitate

278 893 404 976 generis
434 892 578 973 humani,
608 888 649 953 de
679 889 801 973 origine
831 887 920 970 mali,
943 884 983 949 de
1011 884 1130 951 diluvio
1160 896 1191 951 et
1211 885 1411 995 dispersiope
1504 925 1509 940 ·

280 995 422 1078 gentium
440 995 536 1078 plena
554 995 656 1079 sunt.)

323 1096 376 1161 65.
398 1097 489 1180 Resp.
501 1097 554 1216 [Ex
570 1116 608 1158 eo
622 1092 710 1179 quod
723 1092 829 1159 dubiae
844 1091 919 1158 fidei
935 1094 994 1158 sint
1011 1095 1115 1179 prima
1132 1101 1311 1158 ceterarum
1327 1113 1411 1178 gen-

194 1204 204 1241 >
278 1201 358 1263 tium
387 1206 607 1281 monumenta,
629 1196 743 1262 exinde
767 1188 905 1260 minime
922 1198 1065 1282 sequitur
1088 1217 1145 1261 nos
1165 1197 1245 1260 nihil
1268 1198 1345 1260 certi
1365 1196 1411 1261 de

279 1303 402 1387 origine
416 1300 627 1365 Hebraeorum
641 1299 815 1385 possidere.
830 1301 876 1364 Ex
889 1321 927 1363 eo
939 1301 1025 1363 enim
1039 1298 1126 1385 quod
1137 1320 1221 1363 unus
1233 1308 1287 1363 aut
1299 1301 1411 1384 plures

279 1404 525 1488 historiographi
551 1403 632 1467 falsa
655 1402 791 1466 dixerint
808 1424 872 1466 non
895 1402 1037 1487 sequitur
1053 1423 1164 1467 omnes
1186 1402 1268 1465 falsa
1290 1423 1411 1466 narra-

219 1582 223 1589 *
276 1507 372 1570 uisse.
404 1506 581 1590 Scriptores
609 1505 737 1589 profani
765 1503 891 1568 fabulas
920 1513 1064 1588 narrant,
1085 1513 1194 1589 utpote
1221 1505 1411 1568 testimoniis

280 1609 373 1672 certis
388 1606 549 1690 destituti3
575 1629 640 1672 non
659 1628 730 1693 quae
749 1607 808 1692 ipsi
827 1605 964 1671 viderint
979 1607 1135 1690 referunt,
1155 1604 1211 1670 sed
1231 1627 1303 1691 qnae
1319 1606 1409 1670 fama

280 1732 443 1796 vagosque
461 1732 573 1775 rumor
590 1709 630 1774 ad
653 1731 707 1777 eos
726 1709 919 1774 detulerunt.
943 1708 1072 1774 Fabulis
1092 1697 1219 1773 student
1239 1710 1410 1794 scriptores

280 1812 419 1896 profani,
446 1811 521 1897 quia
545 1833 583 1875 eo
609 1811 740 1875 consilio
765 1810 908 1876 scribunt
929 1820 964 1875 ut
987 1804 1116 1895 gentem
1138 1831 1229 1874 suam
1251 1818 1409 1895 praetensa

279 1912 389 1977 divina
416 1914 537 1998 origine
559 1923 590 1977 et
615 1914 826 1978 remotissima
843 1915 1030 2000 antiquitate
1046 1912 1224 1978 nobilitent.
1245 1914 1368 1997 Moyses
1389 1934 1409 1976 e

281 2027 392 2083 contra
410 2027 519 2082 narrat
535 2039 606 2104 quae
619 2020 671 2105 vel
689 2019 755 2104 ipse
771 2017 850 2082 vidit
866 2020 916 2085 vel
935 2019 1108 2082 certissima
1124 2016 1293 2082 traditione
1309 2038 1408 2081 acce-

280 2121 326 2206 pit
340 2146 348 2204 3
373 2120 554 2185 fabulosam
570 2122 655 2206 genti
673 2142 737 2184 suae
753 2121 974 2207 antiquitatem
995 2143 1060 2185 non
1077 2119 1209 2206 praebet,
1225 2141 1284 2184 nec
1299 2121 1408 2185 lsrae-

280 2224 409 2287 litarum
425 2225 562 2308 gloriam
578 2234 609 2287 et
626 2223 824 2289 nobilitatem
837 2244 1031 2309 exaggerare
1048 2234 1204 2307 conatur,
1222 2224 1407 2309 lampetius

195 2412 199 2421 ι
282 2328 484 2424 contrarium
502 2327 590 2419 ἵει-θῇὟ
602 2325 763 2421 narrando
787 2327 1004 2419 Israelitarupr
1025 2314 1171 2421 probra,
1177 2325 1405 2417 infidelitates,
1463 2333 1467 2338 '

276 2416 794 2521 seditiones&murmurationes}
813 2416 936 2515 Mogses
960 2418 1149 2514 igiiofvera
1164 2427 1255 2510 dixit,
1274 2414 1350 2514 ipuia
1367 2449 1406 2491 ea

275 2529 355 2594 dixit
365 2552 437 2617 quae
450 2516 765 2615 perspicue'ooh'eiait
779 2532 934 2623 ,profani
947 2553 1024 2596 vero
1039 2533 1207 2617 scriptores
1220 2531 1312 2612 falsa,
1329 2530 1406 2615 quia

275 2634 432 2698 historicis
461 2635 676 2725 mopumentis
699 2645 843 2698 carentes
867 2657 932 2699 non
955 2636 1054 2698 alium
1087 2633 1270 2699 habuerunt
1289 2631 1404 2697 ducem

200 2790 207 2805 ,
276 2758 376 2823 qnam
391 2737 629 2837 fallacemque
644 2739 756 2801 crescit
773 2737 880 2805 eundo
901 2739 1071 2828 famam.)

228 2896 231 2901 .
320 2839 373 2904 64.
388 2841 521 2904 Instant.
536 2839 685 2904 Attamen
701 2840 817 2905 fabulis
831 2840 1075 2905 annumeranda
1087 2863 1154 2906 esse
1167 2864 1238 2928 quae
1249 2840 1290 2905 de
1304 2862 1402 2925 opere

276 2963 332 3005 sex
349 2940 475 3004 dierum
491 2942 523 3004 in
540 2939 654 3006 Genesi
671 2952 841 3006 narrantur
853 2944 940 3028 patet
955 2965 994 3007 ex
1006 2946 1142 3008 scientiis
1155 2944 1364 3009 naturalibus.
1375 2945 1403 3007 Ii

277 3046 362 3108 enim
379 3054 470 3107 terrae
487 3054 689 3137 scrutatores,
708 3067 789 3131 quos
806 3045 913 3129 hodie,
928 3057 1056 3132 recepto
1073 3047 1243 3132 vocabule,
1259 3047 1404 3132 Geolopos

277 3169 440 3230 vocamus,
461 3149 602 3232 inspecto
620 3158 712 3212 terrae
729 3136 817 3232 sinu,
834 3148 950 3214 docent
971 3149 1083 3214 orbem
1101 3160 1256 3235 nostrum,
1279 3151 1405 3216 nonnisi

277 3260 347 3336 post
363 3252 517 3335 plurimas
536 3253 793 3337 successivasque
809 3253 1050 3318 informationes
1069 3255 1164 3338 longo
1185 3256 1336 3338 temporis
1349 3255 1404 3317 in-

277 3348 412 3414 tervallo
429 3348 590 3434 distantes,
606 3350 648 3415 ad
662 3361 851 3436 praesentem
864 3363 979 3417 statum
992 3345 1178 3453 devenisse]
1194 3353 1351 3441 siqnidem
1365 3342 1406 3421 bx
1422 3388 1425 3395 ·

277 3451 415 3536 vestigiis
428 3451 610 3536 plantarum
626 3462 658 3516 et
672 3454 872 3537 animalium,
892 3446 1405 3542 quorum-speciesnonampliiis

229 3617 232 3623 ,
267 3564 412 3646 Qt,
427 3555 459 3617 in
475 3556 571 3618 variis
582 3556 704 3619 telluris
720 3554 885 3620 substratis
896 3560 1040 3643 repertu,
1060 3581 1098 3623 ex
1111 3559 1233 3624 ossibus
1246 3554 1357 3623 eorum
1370 3560 1404 3621 in
1471 3547 1476 3555 ⁵

107 3696 113 3705 ·
134 3710 138 3718 .
224 3700 229 3705 ·
277 3666 362 3721 terra
380 3659 572 3722 conservatis
584 3659 839 3723 manifestissime
848 3655 939 3750 patet
950 3661 1018 3725 baec
1035 3663 1141 3726 omnia
1157 3662 1289 3726 minime
1307 3662 1410 3726 fuisse

278 3769 385 3824 creata
402 3761 485 3823 intra
501 3761 639 3843 spatium
655 3782 709 3823 sex
727 3759 867 3853 dierum,
896 3768 898 3772 ’

321 3862 374 3925 65.
400 3862 640 3950 Resp.²=Esstiamsi
668 3864 798 3927 scientia
825 3865 990 3949 geologica
1018 3866 1051 3928 in
1072 3867 1217 3949 praesenti
1242 3889 1298 3930 suo
1322 3876 1406 3931 statu

156 4024 166 4039 ,,
279 3985 353 4028 cum
366 3966 546 4028 narratione
565 3965 704 4029 mosaica
720 3987 864 4051 pugnare
881 3966 1054 4051 videretur,
1072 3965 1185 4032 exinde
1202 3979 1308 4032 tamen
1328 3991 1405 4033 nar·
1440 4044 1443 4049 ¹

142 4090 180 4155 ,a
209 4123 226 4163 q
278 4068 408 4131 rationis
423 4070 540 4132 veritas
552 4091 616 4132 non
631 4038 999 4178 infirmareturffxtenim
1011 4072 1127 4134 veritas
1139 4071 1357 4154 Pentateuchi,
1370 4082 1406 4136 ut

87 4166 140 4222 μ’·
166 4137 253 4225 5¹³⁸
278 4169 486 4255 probavimus
509 4193 617 4256 supra,
643 4171 801 4236 stabilitur
824 4174 1017 4257 argumentis
1036 4173 1193 4237 historicis
1216 4176 1309 4238 certis
1334 4183 1364 4237 et
1386 4197 1406 4239 a

279 4294 483 4358 quocumque
500 4271 714 4341 admittendis.
743 4274 802 4356 Qui
830 4275 887 4338 ista
905 4286 1093 4361 argumenta
1116 4275 1211 4340 vellet
1235 4275 1405 4363 repudiare

215 3458 224 3485 t
