3132 4964
406 323 482 368 rau
494 325 517 368 1.
532 323 626 369 carm
636 324 700 367 mr.
717 323 755 366 uu
770 323 860 368 nuso
876 324 1084 371 scemussns.
1251 307 1314 373 125

184 420 232 488 ad
253 444 373 489 nexum
394 423 551 488 ratiocinii
575 432 671 508 atque
698 421 739 486 ad
763 424 946 508 generalem
971 426 1040 510 ejus
1062 425 1311 509 conclusionem,

186 530 274 593 male
287 527 408 613 opinati
424 534 497 590 sunt
513 534 676 605 auctorem
692 526 887 590 Ecclesiastis
902 528 980 591 tales
993 529 1132 594 emisisse
1144 531 1297 595 sententia

186 653 261 718 quae
279 632 312 695 in
329 630 537 714 latalismum,
555 629 801 716 epicureismum
817 639 848 694 et
862 630 1098 715 scepticismum
1114 632 1233 698 ducant
1251 552 1383 735 (135

233 697 414 819 assurim
445 740 552 796 autem
575 730 618 795 ab
640 731 730 796 initio
753 731 957 799 Ecclesiastas
981 735 1088 798 thema
1111 733 1313 800 tractandum
1356 690 1500 825 astte.

188 837 340 921 proponit
355 856 364 897 ε
381 835 413 901 V
411 835 511 898 onitas
526 835 694 898 vanitatum
707 844 735 896 et
748 834 850 897 omnia
863 836 992 899 vanitas.
1002 833 1053 899 Ad
1067 835 1154 922 quod
1168 836 1315 922 proban·

188 937 269 1003 dum
281 936 429 1004 observat
442 935 550 1001 omnia
566 955 637 1021 quae
651 934 685 998 in
698 935 790 1017 coelo,
804 943 887 1000 terra
902 944 934 1000 et
945 936 1049 1023 aquis,
1063 947 1217 1022 geruntur
1228 936 1316 1001 fluxa
1367 942 1491 1101 &NK

190 1063 259 1106 esse
276 1042 401 1127 citoque
419 1039 565 1121 transire,
582 1037 751 1101 hominum
771 1037 922 1123 actiones,
942 1040 1147 1125 cogitationes
1163 1048 1195 1104 et
1211 1038 1315 1104 studia

190 1167 257 1209 non
272 1165 386 1231 parere
405 1143 464 1211 nisi
477 1141 658 1206 illusionem
674 1149 705 1204 et
722 1142 837 1206 mentis
853 1140 1068 1227 afflictionem,
1089 1144 1267 1229 uoluptates
1284 1153 1315 1208 et

188 1248 315 1313 divitias
335 1268 411 1323 ‚nonv
425 1265 625 1330 permanere,
656 1244 856 1331 sapientiam,
879 1246 936 1310 etsi
958 1247 1093 1311 stultitiae
1116 1249 1253 1313 multum
1276 1249 1315 1311 sit

190 1352 401 1438 prestantior,
419 1349 616 1415 hominesne
633 1357 735 1413 morte
747 1369 812 1413 non
827 1370 966 1434 servare,
983 1350 1146 1416 interitum
1165 1373 1314 1417 commu-

190 1477 267 1521 nem
282 1475 350 1520 esse
356 1453 450 1541 justis
463 1461 494 1516 et
506 1451 622 1538 impiis,
636 1450 818 1516 hominibus
829 1459 860 1516 et
866 1451 1022 1539 jumentis
1048 1453 1141 1518 Unde
1154 1452 1316 1520 concludit

189 1558 387 1625 haecomnia
410 1557 583 1622 vanitatem
613 1576 680 1618 esse
700 1564 730 1618 et
758 1576 866 1619 veram
891 1556 1013 1621 homins
1042 1557 1226 1622 felicitatem
1249 1580 1314 1623 non

189 1662 307 1728 afferre
322 1637 592 1775 (I-Illjzylransit
610 1655 653 1721 ad
672 1658 735 1722 alia
755 1657 998 1743 consideranda,
1022 1659 1109 1725 videt
1129 1662 1315 1727 innocentes

190 1785 371 1851 oppressos,
389 1763 536 1827 homines
557 1758 764 1825 industriores
778 1758 897 1825 invidia
916 1762 1082 1847 laceratos,
1099 1784 1234 1827 avarum
1251 1765 1315 1827 suis

190 1868 307 1935 divitiis
324 1888 388 1939 uon
411 1866 583 1948 fruentem,
602 1862 732 1930 divitem
754 1865 909 1928 couduuis
932 1866 1015 1930 euris
1037 1866 1202 1951 agitatum.
1221 1867 1314 1932 Unde

189 1972 308 2037 iterum
323 1966 486 2037 concludit
501 1967 534 2033 iu
552 1967 639 2030 hisce
658 1964 753 2030 rebus
773 1965 946 2031 vanitatem
961 1988 1040 2033 esse.
1057 1969 1188 2033 Interim
1206 1978 1315 2033 autem

136 2082 139 2089 ’
192 2074 273 2143 dum
284 2073 352 2139 haec
364 2068 545 2137 considerat
556 2069 760 2133 Ecclesiastcs
772 2070 859 2134 varia
873 2079 1031 2155 precepta
1044 2071 1115 2135 vita
1126 2081 1212 2137 recte
1226 2073 1315 2136 insti-

144 2210 150 2223 ·
192 2174 318 2243 tuendae
334 2173 537 2258 ntoralesque
549 2170 718 2235 sententias
735 2170 869 2254 profert,
883 2181 919 2235 ut
930 2180 976 2236 est
989 2170 1069 2236 illud
1085 2195 1094 2235 ε
1111 2198 1126 2232 a
1144 2194 1191 2238 aa
1204 2173 1280 2265 soli!
1297 2199 1313 2236 a

195 2278 336 2345 «Melior
349 2286 396 2343 est
408 2274 588 2341 obedientia
601 2292 699 2359 quam
715 2272 861 2337 victima.
881 2299 896 2334 s
913 2298 928 2332 a
948 2273 1048 2338 Nesis
1064 2276 1159 2340 velox
1174 2273 1217 2339 ad
1232 2275 1316 2340 iras-

193 2378 344 2449 cendum.
361 2406 376 2441 ›>
394 2379 471 2443 Haec
489 2377 650 2441 axiomata
662 2376 824 2440 continuat
838 2377 871 2440 in
888 2376 1043 2461 capitibus
1055 2378 1260 2465 sequentibus
1272 2400 1316 2442 ex

193 2485 310 2572 quihus
327 2484 462 2548 recitare
481 2500 648 2566 possumus
673 2476 758 2543 istud
778 2501 787 2541 ι
818 2503 832 2537 s
856 2480 968 2544 Melius
987 2490 1033 2545 est
1058 2502 1175 2546 nomen
1194 2481 1316 2546 bonum

194 2609 293 2677 quam
307 2595 468 2672 unguenta
487 2583 623 2669 pretiosa
638 2606 647 2666 ;
672 2607 687 2643 o
708 2589 739 2644 et
753 2579 832 2645 illud
852 2603 860 2645 ε
882 2605 897 2641 a
915 2582 986 2646 Non
1002 2592 1049 2647 est
1058 2582 1163 2670 justus
1181 2586 1317 2670 quinon

193 2700 315 2777 peccet.
341 2715 356 2750 a
377 2685 497 2755 Videas
517 2694 624 2750 autem
640 2683 843 2747 Ecclesiastes
860 2683 974 2768 impios
995 2684 1189 2773 quandoque
1208 2686 1317 2752 felices

194 2797 229 2861 in
243 2795 305 2859 hac
327 2793 391 2859 vita
410 2790 530 2857 habere
547 2807 721 2870 successus,
743 2785 821 2850 dum
834 2784 912 2872 justi
927 2786 1096 2853 afflictione
1114 2799 1314 2874 premuntur,

195 2895 357 2964 concludit
371 2896 435 2960 alia
446 2893 531 2959 bona
543 2890 699 2955 reservari
711 2888 895 2953 timentibus
907 2889 1009 2953 Deum
1022 2901 1053 2954 et
1065 2891 1240 2974 sapientem
1252 2913 1316 2956 non

194 3023 288 3088 posse
304 2999 480 3083 intelligere
498 2995 655 3059 rationem
672 2988 788 3076 agendi
808 2990 865 3054 Dei
881 2990 914 3054 in
930 2991 979 3055 his
994 3011 1064 3078 qua
1079 2992 1158 3056 fiunt
1173 2992 1233 3056 sub
1250 2996 1317 3058 sole
1374 3038 1375 3041 κ

194 3102 390 3191 (Vll-vlu).
415 3096 601 3164 Considerat
620 3092 726 3158 denuo
747 3092 832 3156 bona
851 3101 882 3156 et
898 3093 985 3157 mala
1008 3094 1172 3179 aqualiter
1188 3098 1317 3160 evenire

189 3208 277 3295 justo
293 3216 324 3273 et
340 3203 439 3289 impio
455 3210 486 3266 et
499 3200 548 3264 his
573 3207 695 3262 tantum
713 3217 772 3280 pro
789 3203 952 3273 momento
969 3193 1146 3281 attendens,
1167 3206 1203 3261 ut
1219 3219 1315 3263 mun-

192 3311 269 3376 dani
283 3309 415 3389 iaciunt,
428 3325 482 3369 eos
494 3301 537 3367 ad
549 3300 670 3365 deliciis
686 3296 858 3362 fruendum
871 3307 902 3361 ct
915 3299 1129 3383 voluptatibus
1145 3299 1316 3387 indulgen-

192 3411 272 3477 dum
284 3417 437 3497 provocat
449 3403 533 3492 (IX).
548 3402 659 3466 Statim
676 3409 783 3464 autem
797 3400 964 3463 reassumit
979 3402 1117 3464 morales
1132 3404 1314 3482 sententias,

192 3537 275 3602 quas
299 3512 342 3578 ad
367 3511 463 3575 finem
484 3506 557 3573 libri
582 3505 755 3587 continuat,
780 3500 945 3566 attendens
964 3502 1125 3567 interdum
1144 3504 1187 3568 ad
1208 3528 1315 3571 rerum

191 3622 368 3684 vanitatem
386 3612 522 3701 (x-xll,
552 3609 618 3694 ll).
649 3607 792 3690 Denique
815 3607 998 3690 generalem
1018 3607 1102 3671 hauc
1125 3609 1218 3673 totius
1242 3611 1315 3678 lihri

192 3721 307 3786 emittit
327 3714 566 3783 conclusionem
583 3735 589 3773 :
609 3712 716 3773 Finem
739 3706 882 3792 loquendi
892 3711 1011 3791 puriter
1026 3731 1127 3773 omnes
1142 3712 1313 3776 audiamus.

191 3827 293 3889 Deum
311 3825 393 3902 time,
414 3832 442 3884 et
452 3817 595 3881 ntondato
608 3815 672 3899 ejus
689 3813 820 3885 observa,
837 3810 891 3875 dcc
906 3816 1040 3876 ectenias
1053 3813 1251 3879 omnishomo
1265 3840 1275 3877 :
1289 3828 1316 3880 et

225 4125 260 4183 (tt
275 4122 328 4172 lem
346 4120 373 4169 S.
388 4117 555 4178 Hieronymus
573 4114 724 4174 (Commeat.
740 4112 769 4162 in
784 4111 854 4164 Eccl.
870 4111 901 4174 l.)
914 4108 1075 4173 reprehendit
1088 4123 1141 4171 eos,
1159 4129 1170 4157 ι
1190 4111 1235 4175 qui
1251 4114 1317 4166 maia

188 4206 336 4270 opinantur,
355 4213 401 4250 nos
418 4212 449 4249 ex
465 4197 591 4262 hoclilno
604 4195 634 4245 ad
650 4195 804 4258 uoluptatem
818 4201 844 4246 et
855 4192 981 4244 luxuriam
997 4193 1123 4256 provocari
1138 4207 1144 4242 ε
1157 4207 1215 4244 cum
1227 4208 1241 4244 e
1254 4209 1314 4246 oon-

189 4287 280 4347 trario,
298 4282 383 4333 omnia
401 4294 459 4345 quae
479 4280 506 4328 in
523 4279 618 4329 mundo
637 4276 772 4338 cernimus,
791 4289 852 4327 rana
867 4276 1005 4326 doceantur
1023 4288 1029 4324 :
1051 4288 1098 4326 nec
1116 4274 1208 4327 dehere
1224 4290 1254 4329 ea
1270 4290 1317 4329 nos

191 4366 308 4421 studiose
318 4368 446 4427 appetere,
456 4373 522 4426 quta,
535 4359 596 4411 dum
609 4365 738 4422 tenentur,
756 4358 890 4409 intereant.
906 4374 918 4405 »
