3168 4948
1069 248 1078 279 l

292 319 355 382 502
520 336 720 381 mruouucrra
736 336 883 378 sanemus
898 337 931 378 m
948 336 972 378 s.
994 336 1193 380 scansurum.

292 438 456 502 numerari
470 458 535 500 non
547 457 638 521 posse
653 437 818 500 interillos
834 444 897 499 tres
913 436 1022 520 populi
1040 457 1151 500 census
1165 458 1244 523 quos
1256 438 1418 524 Augustus

293 550 323 605 et
339 542 505 605 Suetonius
523 548 714 603 memorant.
733 539 857 602 Etenim
876 538 925 602 his
945 539 1090 602 censibus
1111 540 1312 605 solummodo
1334 541 1419 605 cives

292 645 416 708 romani
429 644 536 707 censiti
555 651 638 725 sunt,
657 664 722 706 non
739 650 845 704 autem
861 641 1044 705 universum
1057 639 1231 726 imperium
1244 643 1303 729 (l).
1319 643 1419 707 Silent

292 748 385 831 igitur
404 748 452 809 isti
473 755 641 828 auctores3
665 743 734 818 sed,
752 753 965 829 praeterquam
988 742 1075 829 quod
1100 745 1259 808 silentium
1282 743 1419 831 alicujus

292 849 432 912 historici
460 870 524 912 non
553 848 726 912 labefactat
748 847 963 910 testimonium
985 848 1125 929 alterius,
1151 869 1208 910 cur
1232 849 1345 912 sileant
1369 850 1419 911 isti

292 960 437 1015 auctores
456 953 536 1015 ratio
553 950 706 1034 assignari
722 958 836 1034 potest.
851 948 975 1012 Tacitus
992 955 1096 1034 pauca
1112 948 1153 1012 dc
1169 970 1269 1035 regno
1284 950 1418 1034 Augusti

211 1074 213 1079 ⁴
292 1055 389 1118 habet
404 1079 412 1136 3
433 1053 501 1139 ejus
521 1055 607 1118 eninr
621 1052 758 1116 Annales
774 1073 792 1115 a
811 1072 910 1135 regno
926 1050 1041 1114 Tiberii
1058 1051 1125 1115 fere
1139 1053 1310 1137 incipiunt,
1334 1053 1419 1117 Sue-

291 1157 395 1220 tonius
408 1158 441 1219 iu
459 1154 662 1241 depingenda
674 1154 807 1240 Augusti
823 1153 931 1217 indole
945 1156 1121 1238 praesertim
1138 1163 1292 1220 versatur.
1309 1157 1420 1220 Dionis

291 1260 387 1323 Cassii
409 1260 539 1323 historia
555 1260 666 1322 mutila
691 1267 748 1339 est,
774 1279 811 1321 ea
837 1258 966 1342 praeeise
989 1267 1091 1342 parte,
1114 1280 1178 1343 qua
1206 1261 1326 1324 mentio
1350 1259 1419 1324 fieri

292 1370 416 1446 poterat
433 1360 474 1425 de
500 1371 607 1425 nostra
637 1360 859 1444 descriptione.
885 1359 1056 1444 AugustuS,
1076 1361 1132 1424 etsi
1155 1362 1188 1424 in
1212 1363 1418 1447 inscriptione

291 1464 461 1526 marmoris
478 1463 638 1549 Ancyrani
660 1464 741 1545 silet,
759 1464 792 1525 in
808 1464 964 1526 Breviorio
983 1465 1114 1546 imperii,
1133 1462 1223 1549 cujus
1241 1467 1418 1528 meminere

291 1566 415 1629 Tacitus
432 1574 463 1629 et
475 1566 641 1629 Suetonius
653 1566 713 1651 (2),
736 1565 893 1629 recensuit
909 1587 923 1623 a
938 1585 998 1649 qua
1004 1573 1093 1627 ntum
1107 1566 1222 1628 civium
1236 1567 1418 1631 sociorum-

292 1690 354 1753 que
370 1669 511 1731 inarmis
525 1693 533 1750 3
557 1676 634 1753 quot
651 1669 778 1749 classes,
793 1687 905 1752 regna,
918 1668 1100 1751 provinciae,
1121 1668 1304 1733 tributa'aut
1316 1671 1415 1734 vecti-

291 1771 375 1855 galia
403 1770 537 1855 imperio
557 1772 703 1834 Romano
725 1779 838 1833 essent.
861 1795 875 1829 »
897 1767 992 1848 Quod
1014 1770 1123 1854 utique
1140 1769 1208 1833 fieri
1232 1793 1297 1834 non
1315 1773 1416 1856 potuit

290 1874 349 1935 nisi
373 1895 431 1957 per
452 1875 634 1958 generalem
658 1874 784 1958 imperii
808 1871 1065 1956 descriptionem.
1088 1873 1158 1936 Non
1187 1872 1302 1956 desunt
1322 1875 1417 1960 igitur

259 1960 261 1963 ⁵
290 1975 447 2059 generalis
477 1974 644 2061 cujusdam
679 1976 738 2040 sub
773 1977 915 2060 Augusto
941 1974 1160 2060 descriptionis
1186 1975 1315 2043 indicia.
1346 1979 1414 2040 Imo

290 2077 403 2141 Suidas
420 2078 468 2164 (5)
490 2079 587 2142 refert
606 2079 784 2163 Augustum
804 2099 974 2141 numerare
1002 2077 1137 2141 voluisse
1158 2099 1268 2142 omnes
1290 2081 1414 2164 imperii

290 2166 427 2245 Rolnani
441 2183 573 2264 incolas,
589 2193 619 2245 ct
632 2204 670 2245 cx
686 2184 817 2267 antiquo
834 2183 986 2265 scriptore
1000 2183 1121 2262 asserit,
1139 2181 1329 2266 Augustum,
1342 2205 1415 2247 cum

290 2274 375 2348 solus
402 2295 551 2368 regnaret
582 2310 596 2345 a
627 2285 659 2348 id
684 2306 800 2348 munus
824 2285 933 2368 viginti
955 2285 1030 2347 viris
1052 2283 1183 2348 delectis
1206 2287 1412 2350 commisisse.

289 2388 433 2451 Concinit
444 2386 647 2452 Cassiodorus
659 2387 740 2473 (4).»
759 2412 773 2446 a
789 2386 922 2472 Augusti
935 2387 1142 2471 temporibus,
1153 2388 1237 2452 orbis
1250 2390 1415 2453 Romanus

289 2490 372 2572 agris
396 2488 513 2552 divisus
537 2511 697 2575 censuque
720 2489 897 2572 descriptus
921 2498 989 2571 cst,
1015 2500 1049 2552 ut
1072 2492 1226 2575 possessio
1256 2513 1313 2555 sua
1336 2493 1415 2555 nulli

289 2590 463 2654 haberetur
477 2591 609 2672 incerta,
628 2613 725 2676 quam
742 2614 801 2676 pra
825 2591 1017 2655 tributorum
1035 2602 1217 2677 susceperat
1241 2595 1414 2677 quantitate

281 2691 454 2757 solvenda.
475 2720 489 2754 a
513 2695 558 2756 Ex
581 2695 630 2756 his
654 2693 802 2757 amnibus
826 2702 911 2779 patet
933 2716 1010 2758 vera
1035 2716 1101 2758 esse
1125 2715 1195 2779 quae
1219 2695 1258 2759 de
1282 2695 1415 2780 Augusti

292 2793 419 2859 decreto
438 2794 534 2859 tradit
550 2796 582 2859 S.
599 2797 712 2861 Lucas.
885 2864 886 2868 ,

230 2887 232 2891 ¹
333 2900 365 2961 4.
384 2897 434 2961 Ad
451 2898 625 2963 secundam
640 2897 876 2991 difficultatem,
894 2920 959 2983 qua
974 2900 1074 2963 Lucas
1097 2921 1171 2963 cum
1187 2901 1325 2986 Josepho
1351 2923 1415 2987 pu-

290 3021 389 3085 gnare
420 3003 581 3085 asseritur,
606 3000 686 3065 illud
709 3003 813 3065 statim
836 3000 1034 3065 monendum
1057 3000 1215 3085 ducimus,
1237 3003 1335 3088 quod,
1359 3004 1414 3067 etsi

290 3103 391 3166 Lucas
404 3125 516 3167 revera
529 3125 602 3167 cunr
615 3106 754 3189 Josepho
766 3114 934 3190 pugnaret,
953 3126 1017 3168 non
1030 3107 1134 3168 statim
1151 3105 1265 3168 exinde
1279 3108 1414 3171 conclu-

290 3203 367 3268 dere
381 3206 491 3269 liceret
502 3207 622 3270 Lucam
635 3209 799 3271 erravisse.
814 3208 895 3271 Fieri
909 3208 994 3271 enim
1009 3209 1112 3292 potuit
1126 3216 1160 3271 ut
1176 3208 1242 3292 ipse
1258 3209 1415 3293 Josephus

290 3319 423 3372 erraret.
443 3310 525 3373 Nam
545 3311 570 3373 si
590 3311 804 3374 Rationalistae
828 3332 892 3375 non
915 3311 1036 3375 babent
1055 3311 1174 3374 Lucam
1198 3310 1412 3397 infallibilem,

291 3432 350 3474 nec
365 3412 521 3497 Josephus
540 3414 613 3496 ipsis
633 3413 808 3477 infallibilis
824 3435 890 3477 esse
911 3422 1023 3498 potest.
1041 3414 1198 3477 Praeterea
1216 3435 1255 3477 ex
1272 3413 1414 3499 eoquod

291 3514 392 3576 Lucas
415 3515 447 3576 in
471 3515 580 3599 aliqua
603 3517 754 3600 temporis
778 3518 938 3581 notatione
959 3515 1120 3598 deficeret,
1139 3518 1187 3581 las
1208 3516 1321 3582 exinde
1340 3519 1414 3603 ipsis

292 3637 357 3679 non
370 3626 449 3680 esset
463 3626 562 3680 totum
576 3619 659 3682 illius
672 3621 880 3704 Evangelium
897 3620 1042 3707 rejicere,
1058 3623 1200 3706 alioquin
1214 3619 1327 3685 eodem
1339 3619 1413 3705 jure

291 3741 402 3813 omnes
417 3720 484 3784 iere
500 3723 669 3807 scriptores
684 3723 812 3807 profani
828 3733 858 3787 ct
874 3725 907 3787 in
923 3724 1033 3808 primis
1048 3725 1114 3808 ipse
1131 3725 1288 3809 Josephus
1307 3723 1349 3787 ab
1369 3725 1413 3786 eis

324 4021 359 4084 (t)
374 4020 425 4071 Glr.
440 4022 467 4072 Β.
481 4023 567 4086 Lamp,
580 4022 702 4088 Apparet
717 4023 831 4074 cliroaol.
845 4023 872 4074 ia
886 4024 1014 4075 Hormou.
1028 4024 1140 4091 aaaaqel.
1154 4038 1179 4089 p.
1191 4026 1231 4076 78.
1243 4024 1322 4077 Paris.
1339 4023 1410 4074 taso.

321 4101 358 4159 (ἢ)
373 4103 452 4154 Tacit.
464 4104 561 4154 Aaaat.
574 4103 594 4165 1,
612 4106 650 4164 tt;
665 4106 771 4156 Sueten.
791 4105 850 4156 Vita
860 4104 972 4171 Augusti
983 4120 1007 4158 c.
1022 4107 1062 4157 51.

319 4182 355 4247 (5)
366 4184 404 4235 Ad
418 4199 471 4235 voc.
486 4187 615 4253 eappa.

265 4308 270 4315 .
318 4265 354 4318 tu
371 4265 511 4318 Variacum
523 4269 567 4319 tta.
582 4268 624 4328 lll,
637 4268 712 4332 epist.
724 4265 765 4317 52.
778 4268 832 4317 tam
845 4267 891 4318 Dio
903 4268 1004 4318 Cassius
1016 4269 1048 4318 de
1059 4266 1173 4332 Augusta
1187 4268 1283 4319 dixerat
1298 4283 1304 4318 z
1319 4285 1331 4316 a
1345 4268 1413 4320 Misit

285 4343 345 4393 alios
355 4344 413 4406 alio,
430 4349 473 4410 qui
488 4356 514 4399 et
526 4349 682 4412 privatorum
696 4348 809 4400 fortunas
825 4348 996 4402 describerent
1009 4355 1035 4402 et
1048 4349 1194 4414 publicas.»
