3166 4958
383 329 458 372 raas
471 332 493 373 ι.
509 330 602 372 araur
614 330 703 372 xxm.
722 330 759 370 aa
776 317 955 372 raoraarns
967 330 1115 374 nantuars.
1252 318 1314 380 177

226 428 285 492 20.
307 427 408 491 Porro
424 426 512 514 quod
529 429 641 492 attinet
657 428 759 513 primo
777 429 953 491 orationem
972 428 1091 492 daariae
1106 440 1137 494 et
1153 434 1313 497 canticum

170 530 283 593 trium
299 522 474 614 puerorum
492 538 579 614 patet
592 531 741 594 lacunam
760 530 861 592 inesse
880 530 962 593 inter
975 532 1147 595 versiculos
1164 534 1205 597 25
1222 543 1251 597 et
1273 537 1314 599 24

170 638 288 694 textus
306 628 437 712 hebrei,
457 651 527 716 quae
547 631 705 695 canticum
726 628 822 693 trium
847 651 1020 714 puerorum
1042 635 1169 718 expetit.
1188 635 1312 699 Etenim

170 753 271 795 vers.
290 731 331 794 25
343 730 459 795 dicitur
476 741 540 795 tres
556 753 671 817 pueros
687 733 799 797 missos
815 753 882 795 esse
899 733 930 795 in
951 732 1116 798 fornacem
1132 734 1310 801 ardentem.

172 832 309 898 Deinde
333 834 494 900 inducitur
509 834 805 900 Nabuchodonosor
825 833 934 900 dicens
956 857 964 899 ε
984 838 1059 900 Eece
1079 839 1161 902 ardeo
1185 854 1314 924 quatuor

173 936 268 1000 viras
291 935 403 1001 solatas
425 948 452 1000 et
475 936 662 1001 attitulantes
687 939 718 999 in
740 936 837 1000 aredio
859 940 951 1021 ipnis.
981 937 1094 1001 Nonne
1126 941 1184 1002 ista
1213 941 1313 1005 verba

175 1046 343 1122 expetunt,
372 1060 411 1103 ea
445 1060 516 1125 quae
546 1040 579 1102 in
603 1040 781 1124 fragmento
805 1037 1093 1104 deuterocanonico
1121 1042 1311 1105 habentur:

174 1139 324 1225 Angelus
348 1146 448 1205 antem
471 1143 598 1206 Doariar'
619 1142 767 1206 descendit
789 1163 853 1204 enar
879 1143 997 1206 Azaria
1024 1154 1052 1205 et
1079 1146 1166 1208 sociis
1191 1148 1256 1229 ejas
1281 1149 1313 1207 ia

145 1300 148 1303 .
173 1243 373 1328 fornacem?
401 1244 553 1331 Alioquin
584 1245 717 1330 intelligi
741 1245 851 1331 nequit
874 1265 931 1309 cur
953 1244 1250 1312 Nabuchodonosor
1272 1248 1313 1310 dc

176 1357 326 1432 quatuor
341 1356 372 1411 et
388 1369 452 1412 uon
469 1346 511 1412 de
524 1347 626 1412 tribus
641 1348 801 1433 loquatur.

226 1450 283 1513 nt.
298 1449 503 1516 Difficultates
520 1471 591 1537 quae
607 1449 687 1514 fiunt
698 1458 809 1516 eontra
824 1450 990 1514 veritatem
1008 1452 1144 1515 historiae
1160 1453 1311 1518 Susannae

175 1550 311 1636 jamdiu
322 1552 415 1617 diluit
427 1552 580 1639 Origenes
592 1554 625 1616 in
637 1554 841 1638 responsione
855 1552 895 1616 ad
909 1554 1109 1619 Africanum.
1120 1555 1215 1637 Quod
1228 1560 1312 1621 enim

178 1652 342 1740 objiciunt
352 1655 479 1721 Judaeos
491 1656 524 1719 in
537 1657 716 1741 captivitate
732 1678 797 1720 non
809 1656 958 1720 babuisse
970 1666 1073 1722 tantas
1087 1658 1169 1723 aedes
1182 1669 1312 1747 tamque

179 1758 341 1848 spatiosos
361 1758 480 1842 hortos,
501 1779 561 1823 nec
585 1778 725 1823 servasse
743 1767 930 1843 potestatem
950 1757 1118 1844 judicandi
1136 1761 1311 1826 secundum

182 1862 294 1946 legem
318 1862 490 1925 Mosaicam
507 1882 546 1926 ae
568 1859 744 1925 damnandi
766 1859 808 1924 ad
830 1870 967 1924 mortem
986 1911 993 1942 ‚
1015 1871 1051 1925 ut
1069 1865 1256 1948 supponitur
1280 1865 1312 1928 in

181 1964 319 2029 historia
332 1965 494 2048 sosanna,
509 1965 572 2030 hoc
584 1965 701 2028 nullius
713 1961 864 2048 ponderis
876 1972 932 2027 est.
942 1962 1028 2044 Ouid
1039 1965 1141 2029 enim?
1153 1968 1312 2031 Primores

181 2065 373 2132 Judaeorum
405 2069 438 2131 in
466 2068 570 2152 prima
605 2068 659 2132 illa
693 2067 873 2152 captivitate
903 2055 1030 2130 abducti
1063 2077 1134 2131 sunt
1157 2077 1312 2153 tanquam

183 2169 326 2254 obsides,
341 2192 447 2236 nonne
460 2192 588 2258 aequum
601 2171 661 2234 fuit
672 2179 706 2233 ut
719 2170 763 2233 eis
777 2169 887 2233 liceret
898 2170 1021 2254 amplas
1034 2168 1146 2234 domos
1158 2182 1189 2235 et
1203 2172 1312 2235 hortos

181 2271 331 2337 hahere?
349 2272 515 2358 Babylonii
531 2282 651 2355 autem,
668 2280 704 2334 ut
723 2281 754 2335 et
771 2280 881 2356 postea
901 2272 1051 2354 Romani,
1071 2272 1217 2356 gentibus
1232 2293 1312 2358 quas

182 2374 377 2460 subigebant
396 2385 450 2439 aut
464 2377 496 2439 in
513 2375 727 2461 captivitatem
744 2372 959 2451 abducebant,
980 2374 1037 2436 etsi
1053 2373 1232 2437 libertatem
1246 2376 1311 2438 mi-

182 2487 332 2561 nuerent,
351 2470 416 2543 non
435 2476 621 2543 adimebant
638 2498 768 2542 omnem
786 2485 973 2562 potestatem
988 2475 1117 2540 vivendi
1135 2477 1311 2542 seeundum

183 2583 272 2667 leges
297 2589 328 2644 et
354 2580 599 2646 eonsuetudines
617 2582 736 2667 patrias
751 2579 810 2665 (l).
836 2581 967 2644 Daniele
982 2577 1088 2644 adhuc
1110 2579 1311 2644 adolescente

184 2687 354 2770 contigerit
365 2686 496 2750 historia
512 2686 675 2769 Susanna,
689 2693 724 2750 ut
740 2683 898 2768 colligitur
911 2706 950 2747 ex
966 2693 1051 2747 textu
1067 2705 1183 2769 graeco,
1198 2686 1229 2748 in
1247 2705 1310 2768 quo

181 2786 327 2877 nardaprav
339 2798 472 2853 vocatur
486 2788 546 2874 (2)

229 2892 282 2955 Ὦ.
303 2892 403 2955 Porro
421 2891 601 2976 fragmenta
621 2888 910 2954 deuteroeanoniea
925 2889 1065 2951 Danielis
1088 2908 1152 2950 non
1172 2889 1310 2951 salama

182 2992 302 3058 ludaeis
328 2993 502 3058 bellenistis
526 3001 654 3078 recepta
677 2993 829 3074 inerunt,
852 2989 908 3054 sed
931 2990 985 3076 qui
1009 2989 1118 3073 lingna
1139 2988 1312 3052 utebantur

182 3091 335 3157 hebraica
354 3113 419 3156 non
436 3092 536 3156 semel
551 3092 680 3155 illorum
704 3091 899 3154 mentionem
918 3087 1063 3150 fecerunt
1078 3086 1138 3170 (5).
1158 3085 1311 3170 Origenes

183 3203 293 3259 autem
311 3194 422 3258 asserit
439 3194 644 3279 sapientiores
660 3188 1131 3275 tudaeorunpatoestinensium
1146 3188 1311 3252 historiam

184 3294 339 3358 Susanna
367 3294 573 3379 cognovisse,
596 3292 652 3357 sed
676 3315 695 3357 a
723 3294 902 3377 cognitione
926 3290 1036 3375 populi
1059 3289 1245 3375 surripuisse
1269 3290 1311 3354 ob

183 3396 382 3483 vituperium¹
394 3419 432 3462 ex
447 3397 566 3482 flagitio
583 3397 743 3460 seniorum
760 3398 792 3460 in
812 3396 969 3481 primores
986 3393 1097 3479 populi
1114 3391 1308 3457 redundans.

184 3499 330 3565 Concinit
346 3499 379 3562 S.
410 3498 598 3586 Hippolytus
621 3499 803 3563 Portuensis
822 3498 881 3583 (l).
905 3498 1010 3562 Sancti
1039 3506 1146 3561 autem
1174 3497 1309 3560 Patres:

185 3701 249 3753 Lxx
266 3701 370 3753 historia
384 3702 436 3752 Beli
454 3707 480 3755 et
497 3700 611 3751 draconis
632 3701 764 3762 desumpta
783 3700 877 3749 dieitur
896 3713 928 3748 ex
949 3699 1079 3762 prophetia
1094 3698 1250 3756 Ambacum,
1267 3696 1309 3746 lilii

183 3784 245 3834 iesu
256 3783 288 3835 de
302 3784 373 3834 tribu
389 3783 458 3835 Levi.
573 3840 577 3846 ,

217 3865 253 3927 (i)
266 3865 319 3918 Cir.
333 3864 454 3928 Origenes
466 3864 551 3929 Epist.
568 3865 603 3914 ad
612 3862 708 3928 Afric,
723 3877 748 3913 n.
763 3864 803 3922 lb
817 3863 946 3923 Vincenzi‚
960 3862 1007 3912 loc.
1022 3873 1105 3925 supra
1120 3860 1191 3909 laud.

218 3945 254 4011 (Ξ)
265 3946 401 3997 Difficultas
409 3952 527 3997 movetur
537 3959 568 3995 ex
583 3957 658 3996 versu
673 3944 713 4005 65,
728 3945 755 3994 in
769 3958 821 4008 quo
834 3946 927 3995 dicitur
941 3957 947 3992 ε
959 3943 993 3994 Et
1005 3955 1054 3992 rra
1064 3941 1190 4005 Astyapes
1202 3940 1311 4004 apposi-

184 4035 227 4082 tas
241 4033 279 4079 est
289 4031 324 4080 ad
340 4034 432 4094 patres
444 4041 514 4099 suos.
533 4027 582 4078 Sed
599 4027 642 4077 itte
660 4027 800 4077 versiculus
812 4040 861 4076 non
875 4026 906 4076 ed
919 4025 1047 4075 historiam
1062 4024 1198 4082 susannae,
1217 4022 1261 4072 sed
1279 4022 1310 4071 ad

183 4112 361 4176 insequentem
374 4108 543 4161 narrationem
558 4109 591 4159 de
604 4109 663 4159 Belo
676 4108 794 4171 pertinet.

219 4192 256 4258 (5)
265 4193 328 4244 Vide
341 4191 484 4258 Puptoaem
495 4190 568 4242 Fidei
578 4204 603 4254 p.
616 4189 672 4251 tas,
683 4190 742 4245 956,
755 4189 803 4240 m.
816 4189 904 4253 Carpz.
918 4189 987 4252 Ltps.
999 4188 1071 4240 teet.

219 4274 256 4338 (l)
265 4273 317 4324 Cir.
331 4271 462 4336 Origenes,
475 4271 559 4336 Epist.
575 4271 611 4321 ad
620 4269 707 4334 Aside.
721 4271 776 4334 7-9;
792 4271 819 4321 S.
836 4270 994 4335 hippolytus,
1009 4270 1037 4320 ta
1052 4269 1147 4322 Satan.
1162 4280 1203 4330 ap.
1217 4264 1310 4328 iligna,

189 4356 290 4411 Pateat.
301 4368 342 4421 pr.
354 4353 386 4417 x,
401 4353 458 4404 691.
474 4352 519 4404 ilis
531 4352 595 4404 adde
606 4351 779 4415 Ephraemum,
792 4351 860 4420 Opp.
871 4365 921 4416 syr.
933 4350 975 4416 m,
989 4352 1031 4403 tt.
