3142 4964
467 324 542 366 rans
557 325 579 370 1.
594 324 688 368 cseur
702 327 726 369 1.
746 326 784 367 na
797 325 1020 372 rmrnreccao.
1268 307 1311 371 55

179 430 228 484 est
242 423 307 485 alia
321 423 380 508 ipsi
397 432 510 508 praesto
523 423 618 488 luisse
631 423 672 489 ad
687 426 902 490 narrationem
919 426 1138 512 instruendam
1150 424 1308 491 subsidia:

180 528 278 590 turris
295 526 454 592 Babelicae
474 529 617 613 vestigia,
638 549 710 615 quae
731 527 839 594 adhuc
862 529 1028 594 exstabant
1052 528 1181 616 quando
1197 528 1311 594 Nabu-

181 627 388 694 chodonosor
398 630 484 694 hanc
495 631 609 693 turrim
620 630 807 695 reaedificari
814 629 920 717 jussit,
936 640 1142 696 monumenta
1152 639 1187 694 et
1198 631 1312 694 altaria

181 733 215 796 in
243 733 434 798 memoriam
454 735 747 798 manifestationum
764 735 821 798 Dei
842 757 862 798 a
877 734 1070 801 Patriarchis
1089 744 1194 799 erecta
1216 743 1311 820 atque
1380 727 1384 733 ’

181 834 441 921 inscriptionibus
459 846 611 901 exornata
628 836 688 922 (1),
707 838 840 902 fortasse
861 839 955 903 etiam
972 839 1178 924 genealogia,
1196 859 1312 902 narra-

180 940 297 1022 tiones,
314 940 457 1004 earmina
475 940 586 1006 litteris
606 948 746 1006 exarata.

229 1040 283 1105 ts.
303 1040 388 1117 Illud
410 1051 565 1127 praeterea
586 1052 697 1108 notatu
720 1041 854 1128 dignum
882 1053 939 1127 est,
964 1044 1052 1131 quod
1074 1045 1203 1111 Genesis
1227 1066 1312 1131 pau-

183 1145 272 1207 ciora
296 1146 426 1209 omnino
455 1146 553 1211 refert
577 1145 618 1210 de
642 1147 746 1231 prima
769 1146 881 1211 mundi
904 1157 1006 1229 aetate,
1031 1170 1069 1213 ac
1094 1170 1132 1213 ea
1155 1149 1312 1233 imprimis

182 1255 294 1309 riarrat
310 1268 381 1332 quae
401 1247 561 1312 oblivione
580 1270 644 1312 non
662 1248 756 1312 facile
774 1246 874 1312 deleri
891 1258 1062 1334 poterant:
1080 1251 1234 1336 prolixior
1248 1272 1312 1314 au-

183 1358 250 1410 tem
268 1347 302 1411 fit
319 1351 458 1414 narratio
476 1350 519 1414 ab
543 1349 728 1415 Abrahamo
745 1374 754 1433 3
771 1349 813 1414 ab
831 1372 869 1414 eo
890 1351 976 1414 enim
994 1361 1137 1436 tempore
1161 1353 1313 1437 propiora

184 1459 296 1513 narrat
309 1459 339 1513 et
356 1449 498 1516 iudaicae
514 1453 599 1537 genti
615 1452 745 1538 propria
761 1475 768 1514 :
786 1452 818 1514 in
836 1474 900 1538 quo
916 1474 1046 1538 prorsus
1064 1452 1169 1518 differt
1181 1455 1312 1519 historia

182 1550 344 1615 Geneseos
361 1573 380 1615 a
395 1553 615 1639 mythologicis
634 1553 777 1638 gentium
795 1553 884 1618 libris
905 1555 960 1640 qui
979 1576 1016 1619 eo
1033 1557 1134 1641 magis
1151 1555 1269 1620 fabulis
1281 1566 1313 1620 et

183 1657 343 1739 portentis
365 1654 551 1739 abundant,
578 1678 642 1743 quo
665 1658 845 1742 antiquiora
868 1668 1011 1722 narrant.
1045 1658 1117 1723 Alia
1141 1659 1312 1724 observare

183 1766 232 1819 est
255 1755 433 1826 diflerentia
456 1759 488 1821 in
512 1779 550 1827 eo
576 1757 663 1844 quod
698 1759 892 1844 mythologia
921 1761 1064 1845 gentium
1091 1762 1311 1848 antiquitatem

181 1861 378 1944 populorum
397 1871 579 1946 exaggerat,
595 1871 626 1925 et
646 1863 759 1926 saecula
775 1871 806 1926 ct
821 1863 1037 1927 successiones
1054 1885 1167 1949 regum
1183 1874 1214 1930 et
1232 1862 1294 1927 dco

181 1985 258 2026 rum
274 1950 475 2050 multiplicat,
492 1963 570 2028 dum
585 1975 725 2030 econtra
739 1967 859 2051 Moyses
875 1965 1022 2031 fabulosa
1035 1967 1091 2030 illa
1102 1968 1203 2032 millia
1214 1990 1312 2032 anno

182 2089 257 2130 rum
271 2077 403 2132 resecat.
424 2069 487 2148 Sic,
502 2068 633 2154 quando
649 2067 810 2133 scrihebat
824 2068 956 2154 Moyses,
973 2067 1116 2132 nondum
1134 2071 1222 2133 mille
1235 2072 1311 2134 anni

182 2192 200 2233 a
220 2168 340 2234 diluvio
353 2169 551 2236 effluxerant.
566 2171 598 2234 Si
617 2172 688 2256 quis
704 2180 772 2233 tum
788 2170 933 2256 prolerre
947 2172 1098 2256 potuisset
1115 2193 1311 2236 monumen-

181 2284 251 2336 tum
266 2274 353 2338 mille
368 2275 459 2339 annis
473 2274 634 2360 antiquius
646 2295 683 2338 eo
700 2275 768 2359 ipso
783 2273 854 2337 falsi
868 2274 989 2359 Moyses
1000 2296 1074 2338 reus
1085 2273 1312 2360 deprehende-

181 2377 302 2461 batur;
326 2378 351 2441 si
369 2376 440 2441 duae
458 2379 601 2442 nationes
617 2377 723 2440 testari
736 2376 910 2461 potuissent
926 2397 959 2439 se
972 2375 1015 2441 ab
1036 2387 1108 2442 octo
1125 2385 1180 2440 aut
1196 2396 1311 2440 novem

182 2481 306 2543 saeculis
323 2479 437 2545 eodem
456 2481 582 2565 eloquio
597 2477 667 2565 jam
686 2500 758 2542 usas
774 2499 853 2561 esse,
877 2479 997 2562 Moyses
1013 2477 1172 2543 mendacii
1192 2499 1312 2565 argue·
1369 2489 1370 2493 ’

148 2665 151 2671 ,
182 2581 309 2668 batur(
332 2583 357 2669 ).

229 2685 282 2748 59.
296 2685 343 2748 Ex
365 2686 429 2750 huc
445 2708 547 2772 usque
563 2684 654 2749 dictis
669 2692 788 2749 constat
809 2686 936 2770 Moysen
952 2685 984 2747 in
1005 2683 1172 2750 scribendo
1190 2685 1311 2750 Penta-

183 2790 302 2853 teucho
322 2811 387 2852 non
405 2789 500 2877 luisse
524 2787 717 2874 deceptum,
737 2786 895 2872 siquidem
914 2789 1087 2852 maximam
1102 2797 1226 2874 partem
1244 2789 1311 2873 ipse

185 2914 225 2955 ex
240 2894 310 2957 visu
326 2902 356 2956 et
379 2892 489 2956 auditu
514 2892 691 2976 descripsit.
713 2893 751 2955 ln
773 2891 810 2955 iis
833 2913 908 2956 vero
935 2913 1006 2977 quoe
1028 2913 1067 2955 ex
1089 2892 1258 2956 traditione
1280 2900 1312 2956 et

184 2997 401 3060 monumentis
419 2998 512 3079 eruit,
530 3017 596 3060 non
613 2995 737 3058 facilius
753 2993 906 3079 deceptus
920 2995 1016 3058 fuerit
1029 3015 1127 3080 quam
1143 2995 1176 3058 in
1192 2996 1228 3059 iis
1241 3015 1312 3081 quae

184 3100 323 3183 propriis
351 3100 451 3163 oculis
473 3098 574 3166 vidit:
601 3119 677 3162 nam
699 3105 730 3160 et
753 3097 948 3181 antiquitatis
968 3097 1087 3182 peritus
1111 3097 1196 3160 etin
1224 3097 1312 3161 omni

141 3248 145 3251 -
184 3200 405 3285 AEgyptiorum
428 3201 582 3285 sapientia
601 3197 765 3281 educatus,
790 3198 898 3261 omnia
916 3198 1062 3283 apprime
1079 3196 1259 3262 discernere
1283 3208 1314 3264 et
1400 3242 1403 3248 -

186 3323 263 3366 vera
280 3325 300 3365 a
317 3303 403 3366 falsis
420 3302 615 3387 distinguere
632 3308 776 3364 noverat.

165 3414 172 3421 ’
204 3462 208 3473 ,
231 3407 284 3470 60.
303 3407 369 3470 Nec
381 3407 502 3491 Moyses
518 3405 597 3468 alios
614 3401 765 3489 decipere
780 3403 900 3484 voluit,
921 3401 1000 3465 nihil
1023 3403 1108 3465 enim
1132 3411 1178 3466 est
1194 3403 1227 3466 in
1245 3402 1313 3489 ejus

187 3512 310 3597 seriptis
331 3508 418 3596 quod
435 3507 556 3573 fraudis
572 3505 783 3592 suspicionem
799 3526 930 3570 movere
951 3506 1058 3590 possit.
1076 3508 1101 3569 E
1118 3515 1227 3571 contra
1245 3507 1314 3592 ipsa

188 3615 285 3700 Moysi
304 3612 427 3677 indoles
455 3633 493 3675 ac
509 3619 575 3675 tota
591 3607 707 3694 agendi
723 3617 754 3670 et
770 3605 929 3672 scribendi
946 3608 1025 3670 ratio
1042 3618 1153 3673 testem
1176 3608 1314 3694 probant

11 3700 13 3709 ἱ
91 3733 92 3737 ’
188 3718 348 3794 sincerum
367 3725 398 3778 et
414 3713 456 3777 ab
475 3713 563 3777 omni
586 3710 776 3795 doleatque
800 3709 928 3773 fallacia
945 3719 1117 3773 remotum.
1144 3710 1205 3791 Qui
1229 3712 1314 3774 enim

189 3821 268 3884 alios
286 3819 353 3883 vult
368 3816 529 3902 decipere,
554 3814 596 3878 ad
621 3811 770 3878 fraudem
788 3811 949 3876 inducitur
965 3812 1072 3897 aliquo
1088 3814 1208 3898 proprii
1221 3834 1314 3877 oom-

189 3920 277 3986 modi
293 3921 344 3986 vel
361 3921 469 4006 gloriae
481 3896 734 4049 studiossoyses
750 3924 858 3978 autem
874 3930 1040 3999 nunquam
1054 3916 1190 4000 propriae
1206 3915 1314 4000 gloriae
1366 3927 1414 3969 w
1428 3904 1495 3979 Π
1531 3948 1546 3995 '.

194 4278 260 4417 ete(i)
271 4351 322 4403 Cfr.
337 4350 450 4414 Bergiec,
464 4348 551 4401 Trottt
564 4348 594 4400 de
606 4347 632 4399 la
644 4346 717 4398 orate
729 4343 839 4410 religion
851 4357 876 4408 p.
887 4343 918 4409 lt,
935 4359 957 4396 e.
974 4347 998 4398 5.

1410 3874 1420 3909 t

1453 3519 1464 3535 ⁴
1558 3510 1559 3591 t

1558 4072 1559 4115 l

225 4187 320 4252 mon.
337 4186 398 4238 oen.
414 4184 467 4249 xo,
483 4185 532 4245 ra
547 4182 611 4246 xor,
626 4184 666 4245 ¹83
681 4181 744 4244 xvi,
760 4178 887 4245 iaxxn,
902 4181 942 4245 1⁴3
957 4180 1042 4245 xxiii,
1060 4178 1143 4245 resq
1159 4180 1255 4244 xxxo,
1271 4181 1312 4242 ao,
1439 4203 1441 4207 ·
1517 4207 1520 4211 ι

1557 4258 1559 4307 l
