3168 4948
194 346 196 351 .
294 288 358 352 504
510 288 710 351 mraonocrro
729 304 876 349 sanemus
892 306 925 348 m
943 307 969 348 s.
991 306 1191 350 scmrrunau.

292 411 362 474 vice
383 408 426 473 ab
443 428 528 472 anno
551 407 645 472 Urbis
661 404 795 470 condita
814 405 974 487 750-755,
994 406 1118 470 vivente
1135 405 1242 471 adbuc
1261 403 1414 488 Herode3

292 510 515 576 secundarios
531 532 616 575 anno
633 509 792 573 759-765.
808 508 914 588 Quum
927 516 1035 571 autem
1045 509 1138 593 juxta
1155 509 1417 594 chronographos

292 615 431 680 Christus
447 622 538 678 natus
556 614 594 677 sit
610 622 747 698 quatuor
764 612 812 675 vel
830 612 972 697 quinque
988 633 1088 676 annos
1104 621 1177 676 ante
1190 632 1287 675 aeram
1303 611 1416 696 vulga-

293 739 361 780 rcm
387 738 456 802 quae
479 717 589 801 incipit
612 714 654 779 ab
678 736 762 777 anno
785 712 880 777 Urbis
901 712 1038 777 eonditae
1068 714 1152 795 755,
1178 713 1247 799 ejus
1271 713 1416 777 nativitas

292 818 402 883 incidit
416 820 449 882 in
462 840 583 882 annum
597 818 672 898 749,
690 839 755 903 quo
771 817 886 898 Varus,
908 815 1043 901 Quirinii
1062 816 1287 901 praedecessor,
1309 814 1417 880 adhuc

291 923 323 985 in
348 922 436 1007 Syria
464 941 578 1006 praeses
608 918 735 1004 agebat.
768 917 831 982 Sed
863 920 955 982 istam
986 920 1079 982 unius
1103 921 1178 983 anni
1202 918 1417 982 differentiam

292 1025 391 1110 aliqui
408 1032 556 1108 repetunt
572 1045 610 1086 ex
629 1044 667 1086 eo
691 1022 777 1107 quod
798 1021 958 1102 Quirinius
974 1020 1044 1107 jam
1059 1043 1171 1086 revera
1188 1022 1283 1106 Syriae
1301 1041 1419 1106 praescs

292 1127 473 1211 designatus
491 1127 598 1207 fuerit,
621 1123 677 1188 sed
692 1127 803 1190 Romae
819 1122 925 1188 adhuc
941 1122 982 1187 ad
1003 1126 1110 1209 gravia
1133 1122 1274 1209 gerenda
1290 1124 1415 1209 negotia

291 1240 442 1294 retentus.
464 1228 639 1313 Descriptio
663 1236 770 1290 autem
791 1227 876 1291 facta
900 1227 978 1308 fuit,
1003 1237 1039 1290 ut
1061 1228 1171 1291 asserit
1190 1227 1416 1310 Tertullianus,

291 1355 349 1417 per
372 1332 515 1395 Sentium
537 1331 744 1393 Saturninum
763 1330 818 1415 qui
843 1327 885 1392 ad
908 1329 1082 1394 censendas
1102 1351 1253 1414 personas
1271 1329 1417 1410 Quirinio

292 1435 460 1521 adjunctus
490 1434 608 1515 fuerit,
643 1434 723 1497 sicut
743 1435 775 1496 in
808 1431 973 1496 censendis
995 1433 1087 1497 bonis
1111 1435 1139 1497 ei
1163 1432 1334 1520 adjunctus
1356 1432 1419 1496 fuit

293 1538 461 1621 Coponius.
482 1538 549 1600 Mos
567 1537 653 1599 eninr
671 1544 739 1599 erat
758 1537 979 1600 Romanorum
1002 1537 1034 1599 in
1058 1558 1155 1601 censu
1177 1537 1418 1622 provinciarum

293 1637 475 1724 peragendo
494 1638 573 1701 duos
589 1636 738 1722 delegare
754 1639 838 1702 viros
853 1637 912 1722 (l).
930 1639 976 1700 Ex
993 1639 1041 1701 his
1057 1637 1277 1702 concludimus
1292 1638 1416 1701 nullam

293 1744 393 1805 inesse
408 1744 490 1805 inter
504 1743 622 1805 Lucam
636 1751 667 1805 et
679 1742 854 1826 Josephum
867 1741 1149 1807 contradictionem
1166 1767 1174 1825 3
1194 1742 1417 1808 concludimus

292 1848 388 1909 ctiam
406 1845 650 1930 descriptionem
675 1868 694 1909 a
713 1847 1031 1912 Luca-memoratam
1056 1847 1115 1910 sub
1135 1847 1278 1927 Quirinio
1297 1847 1417 1910 factam

293 1949 388 2012 fuisse
413 1970 451 2012 eo
474 1950 542 2033 ipso
567 1959 722 2034 tempore,
750 1970 814 2034 quo
837 1949 976 2013 Christus
1000 1960 1091 2013 natus
1114 1971 1181 2013 esse
1203 1948 1416 2034 perhibetur,

293 2051 440 2137 adeoque
450 2054 562 2117 merito
572 2053 802 2116 Tertullianum
815 2051 857 2116 ad
869 2053 958 2116 illam
970 2051 1215 2138 descriptionem
1227 2073 1418 2137 provocasse

292 2164 447 2238 tanquam
463 2152 505 2217 ad
524 2165 625 2218 teste-m
637 2154 848 2238 fidelesimum
866 2156 1031 2218 Dominicte
1047 2158 1225 2220 nativitatis.

338 2253 369 2320 8.
395 2257 498 2320 Tertia
525 2256 559 2319 fit
583 2255 751 2321 difficultas
771 2279 779 2318 t
799 2259 868 2340 ista,
892 2258 1050 2343 inquiunt,
1075 2257 1256 2344 descriptio,
1282 2257 1323 2321 de
1352 2279 1418 2343 qua

293 2359 406 2435 Luem,
437 2359 462 2420 si
488 2378 578 2421 more
605 2379 738 2421 romano
766 2359 849 2422 sacta
872 2359 977 2442 fuerit,
999 2361 1155 2445 Josephus
1182 2353 1351 2425 Bethleem⁴
1371 2362 1417 2424 ire

294 2481 358 2521 non
383 2456 505 2539 debuit,
524 2460 549 2522 si
567 2480 656 2523 more
677 2458 874 2540 ludaeorum,
896 2463 982 2525 solus
1004 2463 1161 2548 Josephus
1183 2464 1259 2527 illue
1282 2484 1418 2549 pergere

294 2581 422 2624 necesse
441 2560 563 2624 babuit.
586 2562 720 2625 Mariam
740 2571 860 2645 autem,
879 2573 987 2649 utpotc
1008 2587 1078 2651 quae
1095 2566 1165 2651 jam
1183 2568 1215 2629 in
1233 2588 1271 2631 eo
1294 2575 1362 2630 erat
1382 2576 1419 2630 ut

295 2686 370 2728 mox
395 2666 588 2750 parturiret,
618 2666 783 2729 Nazaretbi
806 2686 972 2733 remanere
995 2672 1143 2755 oportuit.
1171 2672 1328 2736 Praeterea
1352 2693 1418 2735 non
1447 2690 1450 2693 ·

294 2768 479 2852 intelligitur
501 2766 662 2852 quomodo
692 2769 807 2853 aliquis
835 2769 931 2855 Syriae
956 2792 1071 2856 praeses
1100 2775 1238 2857 potuerit
1260 2776 1293 2838 in
1315 2795 1416 2860 regno

294 2870 429 2935 Herodis
450 2891 581 2935 censum
595 2892 759 2956 peragere.
984 2887 986 2891 ’

287 3034 290 3039 ,
338 2974 369 3037 9.
389 2975 479 3057 Reap.
499 2972 561 3037 Ubi
584 2972 624 3037 de
649 2974 814 3039 censendis
838 2975 928 3040 honis
952 2977 1038 3063 apud
1058 2980 1221 3044 Romanos
1246 2980 1415 3065 agebatur,

295 3098 406 3143 census
429 3074 579 3160 agendus,
598 3085 667 3140 erat
694 3077 726 3140 in
753 3078 823 3141 loco
841 3080 874 3142 in
894 3100 958 3165 quo
978 3082 1035 3144 sita
1056 3090 1147 3145 erant
1169 3082 1266 3165 bona,
1291 3084 1316 3146 si
1339 3104 1416 3147 vero

294 3175 335 3237 de
351 3172 567 3238 describendis
583 3195 792 3258 personarum
809 3176 1002 3260 nominibus,
1025 3179 1110 3243 cives
1127 3181 1173 3244 ire
1194 3179 1357 3245 debebant
1373 3180 1417 3244 ad

295 3278 402 3339 locum
426 3276 567 3360 originis,
585 3268 634 3339 ad
650 3277 751 3341 tribus
770 3278 879 3341 sedem
891 3280 951 3365 (2).
971 3280 1127 3367 Josephus
1143 3284 1238 3368 igitur
1250 3284 1418 3348 Bethleem

294 3400 329 3442 se
349 3378 495 3441 conferre
518 3377 628 3441 debuit
657 3381 732 3464 quia
755 3389 823 3444 erat
846 3380 887 3444 de
911 3377 1032 3446 familia
1059 3383 1172 3449 David.
1191 3387 1290 3451 Beata
1307 3396 1418 3451 autem

295 3480 394 3563 Virgo
409 3480 461 3542 vel
484 3478 583 3549 libere
608 3481 782 3566 Josepbum
800 3485 948 3547 comitata
968 3494 1025 3566 est,
1046 3486 1132 3571 quod
1155 3498 1186 3551 et
1205 3488 1275 3554 aliis
1293 3488 1419 3554 vicibus

296 3582 371 3645 fecit
387 3581 447 3668 (5),
469 3583 520 3644 vcl
543 3583 676 3646 sortasse
702 3585 797 3647 etiam
815 3583 858 3648 ad
879 3585 942 3649 hoe
966 3596 1076 3651 coacta
1096 3589 1167 3671 fuit,
1187 3590 1261 3675 quia
1279 3591 1330 3653 lex
1348 3600 1419 3654 erat

296 3686 516 3751 Romanorum
528 3687 606 3748 utin
622 3687 721 3772 Syriis
737 3687 1011 3773 aquatuordecim
1028 3691 1118 3754 annis
1135 3694 1280 3775 masculi,
1298 3692 1417 3757 aduo-

295 3927 474 3984 propraetorem
489 3920 584 3984 Syriam
597 3921 792 3974 administrasse.
804 3923 866 3973 Vide
880 3923 961 3975 iterur
975 3926 1019 3976 des
1027 3927 1157 3990 questione
1168 3926 1321 3993 historiques
1331 3942 1356 3992 p.
1373 3927 1415 3980 23.

296 4004 476 4149 palllllabllbs
489 4086 594 4148 (Aoool.
609 4086 640 4148 ll,
653 4086 678 4149 s)
691 4086 769 4138 refert
785 4086 915 4137 Tiberium
931 4088 962 4139 ad
975 4090 1112 4143 censendas
1124 4089 1212 4142 Gallias
1223 4093 1321 4143 misisse
1334 4094 1418 4144 Vitel-

296 4164 358 4214 llum
369 4172 395 4215 et
405 4165 533 4215 Cantium.
546 4165 630 4216 Roma
640 4166 716 4215 etiam
731 4177 777 4228 per
786 4165 850 4215 duos
863 4171 983 4228 praetores
996 4179 1088 4218 census
1103 4169 1233 4233 agebatur.

330 4245 366 4308 (2)
380 4247 442 4297 Vide
452 4247 579 4308 liemaret,
590 4248 625 4297 De
638 4247 745 4314 Oripr'ae
756 4247 824 4299 Eoo.
839 4261 865 4311 p.
878 4246 936 4299 290.

329 4324 364 4391 (ὅ)
374 4326 424 4378 Gir.
440 4328 499 4379 Luc.
518 4328 547 4387 u,
563 4330 604 4380 it.
