3168 4948
259 272 322 336 508
484 291 683 334 rmnonucrro
700 293 847 335 sanemus
866 293 899 334 m
913 293 939 335 s.
955 292 1155 335 sonrrrunnn.

260 389 368 472 ginem
390 384 489 470 ducit,
515 408 553 451 ac
577 396 743 472 praeterea,
773 387 936 474 quomodo
960 389 1009 453 isti
1032 388 1097 453 duo
1119 387 1221 452 Jacob
1245 394 1276 450 et
1298 385 1384 468 Heli,

261 491 375 554 fratres
388 490 517 572 fuerint3
536 488 652 554 deinde
670 512 758 573 vero,
778 511 842 576 que
861 493 983 555 ratione
999 493 1116 556 horum
1132 499 1238 575 patres
1257 488 1387 552 Metben
1464 521 1469 529 ·

262 602 292 656 et
305 592 421 657 Melcbi
434 591 560 656 diverso
573 613 690 677 genere
705 593 863 679 prognati,
879 595 930 657 avi
942 593 1074 679 Josephi
1088 595 1184 658 fuisse
1199 591 1385 677 probentur.

263 695 393 759 Matheo
407 704 437 758 et
453 697 568 760 Melchi
584 718 658 760 cum
674 695 823 761 eamdem
838 717 972 760 uxorem
989 698 1070 760 altor
1085 705 1157 781 post
1172 696 1310 758 alterum
1326 693 1390 754 ba-

262 799 416 882 buissent,
435 799 553 865 liberos
569 823 608 864 ex
629 823 679 884 ea,
702 802 757 887 qui
772 802 888 865 uterini
905 801 1020 865 fratres
1040 811 1142 883 erant,
1158 805 1390 882 susceperunt:

264 903 383 987 quippe
409 904 460 966 lex
477 906 609 967 minime
629 904 768 987 vetabat,
794 926 834 969 ne
857 905 972 969 mulier
994 903 1103 986 vidua,
1130 925 1186 967 seu
1209 898 1390 985 repudiata,

265 1027 321 1069 seu
343 994 411 1070 viro
436 1008 533 1091 ipsius
556 1017 695 1090 mortuo,
723 1007 813 1072 elteri
838 1007 984 1071 nuberet.
1010 1008 1110 1092 Igitur
1134 1027 1173 1070 ex
1194 1005 1291 1067 Estba
1315 1002 1393 1087 (hoe

266 1110 352 1173 enim
375 1111 516 1174 mulieris
541 1132 657 1175 nomen
683 1113 778 1175 tuisse
800 1110 997 1196 accepimus)
1021 1112 1144 1196 primus
1167 1106 1310 1189 Matheo,
1336 1105 1393 1190 qui

267 1213 466 1277 eSaiomonc
478 1234 578 1299 genus
590 1212 740 1297 ducebat,
754 1215 911 1279 Jacobum
924 1214 1025 1278 filium
1039 1214 1174 1278 sustulit.
1186 1212 1261 1273 Post
1273 1207 1395 1272 Matha-

268 1301 316 1379 nis
333 1326 437 1380 autem
455 1318 629 1401 interitum,
647 1318 762 1383 Melchi
784 1319 839 1403 qui
859 1317 901 1382 ad
924 1318 1103 1382 Nathanem
1125 1314 1280 1399 originem
1304 1308 1394 1372 rofe-

268 1404 372 1502 rebat,
388 1441 462 1484 cum
483 1442 522 1484 ex
539 1420 652 1484 eadem
667 1421 751 1485 tribu
768 1420 825 1484 scd
840 1419 965 1484 diversa
981 1419 1103 1483 familia
1128 1414 1231 1481 editus
1247 1420 1339 1493 esset,
1362 1418 1398 1473 nt

270 1530 364 1586 antea
380 1522 528 1600 diximus,
546 1545 678 1588 uxorem
697 1545 769 1587 eam
787 1524 926 1606 sortitus,
949 1522 1021 1586 Heli
1037 1521 1139 1584 filium
1159 1515 1307 1600 suscepit.
1326 1512 1398 1576 Hoc

271 1623 370 1689 modo
391 1626 493 1689 Jacob
509 1636 540 1690 et
562 1626 646 1709 Heli,
672 1628 746 1691 licet
768 1624 894 1690 diverso
917 1647 1033 1711 genere
1055 1631 1239 1710 prognatos,
1256 1617 1397 1681 uterinos

273 1710 387 1792 iratres
404 1730 614 1814 reperiemus.
638 1730 782 1810 Quorum
806 1731 898 1812 alter,
920 1728 1022 1792 Jacob
1043 1727 1174 1808 scilicet,
1202 1743 1274 1788 cnm
1299 1722 1399 1784 freter

273 1832 371 1916 ipsius
386 1832 458 1896 Heli
482 1834 549 1896 sine
569 1833 679 1897 liberis
702 1832 896 1912 decessisset,
918 1830 1049 1895 viduam
1066 1829 1135 1915 ejus
1151 1825 1322 1912 conjugem
1339 1822 1399 1885 sibi

274 1935 457 2018 accipiens,
482 1936 610 1998 tertium
635 1958 674 1999 ex
696 1957 734 1999 ca
756 1936 932 2021 Josephum
954 1935 1081 2019 genuit,
1107 1929 1244 1995 naturali
1268 1925 1400 2013 quidem

275 2037 398 2101 ratione
423 2036 523 2101 filium
548 2059 652 2102 suum.
678 2038 770 2103 Unde
798 2041 893 2102 etiam
917 2037 1136 2121 scriptumest
1158 2030 1278 2096 :Jacob
1301 2040 1402 2091 autem

277 2142 380 2222 putuit
403 2142 528 2226 Josepb.
554 2143 616 2207 Sed
640 2143 816 2208 secundum
840 2145 943 2228 legem
968 2141 1052 2205 filius
1075 2137 1256 2218 erectiori,
1281 2135 1403 2219 qnippe

280 2261 353 2304 cum
367 2240 435 2327 ejus
447 2265 556 2308 semen
568 2245 707 2309 Jacobus
723 2247 823 2309 frater
835 2245 1043 2309 suscitavisset
1059 2242 1119 2328 (1).

324 2342 376 2406 16.
395 2342 457 2407 Sed
476 2356 608 2430 reponet
625 2348 695 2431 quis
714 2369 722 2409 ε
741 2347 903 2410 Matthaens
924 2354 954 2408 et
978 2345 1078 2407 Lucas
1101 2338 1321 2427 genealogiam
1342 2334 1405 2398 Jo-

281 2446 370 2530 sepbi
391 2448 560 2531 referunt,
584 2471 648 2514 non
671 2451 801 2532 Mariae3
833 2449 924 2513 Jesus
946 2457 1078 2530 autem,
1110 2452 1219 2530 utpote
1240 2464 1260 2505 a
1283 2439 1405 2524 Spiritu

282 2556 391 2611 saneto
409 2570 447 2612 ex
462 2551 561 2614 Maria
580 2553 702 2637 uirgine
717 2553 851 2637 genitus,
871 2573 936 2615 non
951 2551 1011 2615 fnit
1024 2549 1154 2634 Josepbi
1169 2546 1252 2609 filius
1269 2552 1405 2607 natura·
1473 2586 1479 2595 ·

283 2650 333 2731 lis,
350 2648 406 2714 sed
428 2656 583 2736 putativus
606 2653 782 2719 dumtaxat.
804 2654 887 2738 Ergo
902 2675 941 2717 ex
956 2653 1149 2737 genealogiis
1166 2671 1230 2713 non
1250 2644 1408 2731 probatur

283 2753 393 2816 Jesum
417 2776 456 2818 ex
471 2757 567 2842 stirpe
587 2757 716 2823 Davidis
738 2759 894 2843 originem
914 2755 1043 2837 ducere,
1063 2752 1150 2840 quod
1173 2753 1261 2817 initio
1283 2767 1408 2833 genea-

285 2855 375 2940 logiae
389 2857 527 2923 affirmat
543 2861 720 2926 Mattbaeus.

329 2958 382 3022 17.
405 2965 493 3046 ttesp.
519 2963 648 3028 Etiamsi
671 2986 722 3028 res
744 2966 787 3028 ita
811 2986 844 3029 se
867 2963 999 3028 haberet
1023 2961 1112 3024 nulia
1136 2954 1249 3021 exinde
1274 2961 1409 3017 eontra-

284 3063 381 3129 dictio
403 3067 539 3130 oriretur
564 3067 645 3131 inter
661 3068 888 3153 Evangelistes‚
908 3063 996 3152 quod
1018 3066 1052 3129 in
1075 3061 1246 3148 questione
1269 3066 1326 3120 est.
1344 3054 1407 3117 At-

285 3177 393 3232 tamen
417 3167 587 3234 difficuitas
610 3192 681 3256 quse
698 3170 847 3257 objicitur
866 3171 955 3233 nulla
979 3175 1037 3231 est.
1063 3164 1188 3228 Etenim
1207 3182 1246 3224 cx
1269 3154 1410 3241 antiquis

286 3271 433 3335 Patribus
457 3282 578 3337 constat
600 3274 733 3337 Mariam
757 3272 856 3337 filiam
881 3268 1043 3335 haeredem
1067 3267 1186 3346 fuisse,
1221 3282 1293 3347 quae
1314 3258 1407 3345 juxta

286 3364 391 3457 legem
424 3375 520 3460 Moysi
542 3377 649 3461 (Nunc.
676 3376 823 3460 XXXVJ)
856 3376 923 3440 viro
948 3370 1093 3458 ejusdem
1122 3365 1251 3432 familiae
1286 3359 1409 3426 nubere

287 3475 437 3561 debebat,
457 3501 497 3542 ne
509 3478 551 3544 ad
567 3480 664 3544 aliam
681 3480 837 3544 familiam
850 3479 935 3543 bona
953 3475 1134 3546 transirent.
1149 3471 1181 3533 Si
1200 3469 1297 3553 igitur
1308 3463 1409 3528 Maria

287 3601 328 3643 ex
350 3578 464 3645 eadem
484 3582 604 3647 familia
628 3591 696 3647 orat
713 3603 810 3667 quam
833 3581 964 3665 Josepb,
986 3598 1086 3664 quum
1108 3572 1228 3656 Jo'sepb
1252 3590 1291 3632 ex
1313 3566 1410 3649 stirpe

287 3682 417 3749 Davidis
430 3683 648 3769 descenderet,
664 3686 806 3772 sequitur
817 3685 951 3750 Mariam
964 3680 1110 3765 adeoque
1121 3677 1231 3740 Jesum
1243 3693 1283 3735 ex
1294 3668 1409 3733 eedem

289 3791 386 3875 stirpe
408 3786 620 3854 descendisse.
639 3788 733 3871 Quod
754 3798 861 3853 autem
883 3786 983 3851 Maria
1005 3782 1046 3847 de
1069 3780 1167 3845 domo
1189 3772 1292 3840 David
1315 3778 1410 3850 esset,

289 3914 398 3957 rursus
428 3892 583 3978 probetur
616 3915 655 3957 ex
681 3914 720 3957 eo
748 3890 836 3978 quod
863 3889 998 3974 angelus
1021 3885 1080 3970 ipsi
1103 3878 1346 3963 conceptionem
1368 3870 1412 3988 de

289 3995 409 4080 Spiritu
421 4005 531 4061 sancto
540 3996 732 4061 annuntians
743 3993 819 4058 dicit
833 3994 936 4056 Deum
952 3990 1011 4076 ipsi
1023 3986 1172 4051 daturum
1186 3978 1296 4046 sedem
1308 3973 1412 4041 David

325 4331 361 4397 (t)
371 4330 501 4383 Africanus
515 4331 600 4400 Epist.
612 4330 767 4384 admittit.
780 4342 820 4393 ap.
837 4325 929 4389 tttgne,
945 4318 1043 4373 Potrot.
1055 4329 1134 4386 prce.
1145 4321 1165 4365 t.
1180 4313 1211 4375 x,
1223 4310 1271 4361 cot.
1287 4309 1328 4362 ut
