3132 4964
247 280 310 345 lll
474 296 674 340 anrnouuerro
691 292 837 339 srncrnnrs
852 294 885 336 ru
901 294 926 336 s.
946 293 1145 338 scmrrunnu.

160 428 162 433 ⁴
248 400 358 466 donati
371 406 472 463 erant.
491 396 569 461 Ideo
584 397 681 460 Jonas
694 395 786 480 fugit,
802 393 874 458 ideo
887 393 1031 457 Ezechiel
1043 392 1176 478 distulit,
1189 393 1261 460 ideo
1276 394 1378 461 lere-

247 502 328 565 mias
347 498 526 564 recusabat.
541 499 624 562 Deus
641 518 717 561 vero
734 517 798 559 non
818 516 892 559 cum
911 495 1095 560 necessitate
1115 497 1250 582 impellit
1272 498 1374 583 ipsos,

248 601 304 668 sed
322 602 471 685 consiliis,
490 599 721 665 hortationibus
737 607 768 662 et
783 598 1084 663 comminationibus
1100 601 1212 683 utitur,
1230 611 1375 665 mentem

247 704 387 769 tenebris
397 723 462 766 non
474 700 668 766 obfundens.
686 700 845 764 Damonis
860 701 946 763 enim
961 701 1128 785 proprium
1143 711 1233 767 estet
1248 705 1376 767 tumul-

248 814 317 871 tum
339 813 371 869 et
393 804 535 868 furorem
558 813 589 867 et
612 802 746 866 multam
770 801 939 865 immittere
956 803 1137 887 caliginem.
1156 804 1214 873 Dei
1232 826 1308 869 vero
1330 813 1381 869 est

248 909 443 990 illuminare,
461 916 493 971 et
511 927 582 991 quoe
600 926 680 990 opus
698 914 744 968 est
761 925 834 968 cum
851 904 1061 990 intelligentia
1077 904 1194 971 docere
1212 906 1272 993 (1).
1295 934 1309 969 n

295 1011 347 1075 15.
366 1009 594 1095 Prophetarum
616 1010 829 1072 mirristerium.
851 1008 933 1090 Quia
956 1010 1124 1094 prophetia
1147 1006 1277 1075 evidens
1299 1033 1384 1076 con-

250 1116 348 1180 stituit
375 1133 458 1178 vere
475 1111 638 1197 religionis
657 1111 796 1195 signum,
821 1111 922 1175 voluit
939 1111 1024 1175 Deus
1042 1120 1089 1194 ut,
1119 1111 1195 1176 inde
1222 1113 1264 1178 ab
1290 1114 1382 1178 initio

250 1241 307 1305 per
320 1227 421 1282 totum
434 1215 586 1301 temporis
598 1213 782 1297 decursum,
792 1224 905 1299 praesto
918 1211 1066 1278 adessent
1077 1216 1237 1281 vaticinia.
1251 1218 1381 1281 Messias

250 1319 422 1385 mittendus
439 1317 565 1382 Adamo
581 1318 775 1403 promittitur
790 1340 798 1400 ;
825 1317 993 1401 promissio
1010 1316 1196 1382 Abrahamo
1213 1328 1244 1382 ot
1267 1321 1380 1385 Isaaco
1451 1386 1459 1399 ,

250 1433 434 1488 renovatur.
450 1419 611 1485 Alacobo
624 1421 753 1484 Messias
765 1441 804 1483 ex
818 1419 904 1483 tribu
915 1418 1007 1484 Judae
1019 1420 1173 1484 oriundus
1185 1421 1382 1506 predicitur,

251 1525 390 1609 allloyse
410 1523 480 1586 fore
508 1522 670 1606 legislator
687 1518 927 1606 prenuntiatur.
949 1521 1068 1585 Omnes
1083 1523 1251 1607 Prophetae
1277 1546 1294 1587 a
1320 1524 1384 1588 Sa·-

252 1627 359 1691 muele
374 1635 405 1689 et
418 1625 569 1709 deinceps
581 1623 649 1688 dies
662 1624 780 1687 Messiae
793 1625 1062 1688 annuntiaverunt
1075 1624 1135 1711 (Ι).
1150 1625 1214 1690 Sed
1227 1625 1387 1713 usquead

253 1730 410 1794 Samuelis
428 1738 574 1813 tempora
596 1726 764 1811 Propheta
788 1727 890 1790 rarius
913 1727 1158 1793 suscitabantur.
1181 1728 1210 1793 A
1233 1730 1384 1795 Samuele

252 1855 330 1899 sero
347 1831 499 1897 adfinem
516 1832 705 1917 captivitatis
721 1829 923 1916 Babylonicae
940 1831 1172 1917 frequentiores
1187 1833 1327 1899 luerunt.
1347 1835 1388 1899 In

254 1937 344 2003 libris
359 1938 485 2021 Regum
508 1935 643 2020 legimus
667 1955 805 1998 cuneum
825 1935 1061 2020 Prophetarum
1086 1937 1259 2001 occurrisse
1282 1938 1385 2023 Sauli,

183 2114 187 2127 .
258 2038 313 2125 qui
341 2039 462 2122 etipse
489 2037 649 2101 intereos
673 2030 886 2120 prophetavit.
918 2037 1086 2121 Prophetae
1113 2038 1239 2102 Nathan
1264 2048 1294 2102 et
1315 2037 1388 2104 Gad

256 2139 412 2206 Davidem
427 2140 490 2204 suis
514 2139 651 2203 consiliis
672 2136 814 2223 dirigunt
830 2158 968 2223 eumque
986 2137 1029 2202 ad
1045 2140 1262 2224 poenitentiam
1279 2138 1388 2204 addu-

257 2253 344 2309 cunt.
370 2243 469 2306 Abias
502 2242 649 2306 Silonites
683 2239 877 2305 Jeroboamo
910 2239 1054 2327 praedicit
1085 2242 1268 2307 scissionem
1294 2245 1387 2329 regni
1556 2316 1557 2335 ,

258 2347 437 2412 Salomonis
449 2354 480 2409 et
492 2343 560 2430 ejus
571 2343 786 2408 idololatriam
798 2344 912 2429 carpit;
920 2345 1060 2410 Semeias
1068 2344 1225 2431 jussuDei
1237 2346 1387 2412 Roboam
1442 2416 1447 2427 ,
1556 2342 1557 2365 ’

258 2471 277 2514 a
291 2448 377 2513 bello
394 2447 539 2529 retrahit,
556 2444 671 2510 eodem
687 2445 756 2509 fere
773 2454 918 2531 tempore
931 2447 1012 2511 alius
1025 2447 1122 2513 Vates
1136 2448 1280 2513 futurum
1291 2450 1386 2514 Josiae

258 2570 394 2636 regnum
417 2550 585 2614 annuntiat
608 2548 668 2634 (ὅ).
693 2548 779 2611 Elias
808 2557 839 2612 et
872 2549 1001 2613 Elisaeus
1030 2559 1139 2614 contra
1170 2549 1386 2616 idololatriam

259 2672 373 2738 regum
401 2652 500 2716 lsrael
531 2660 562 2714 et
589 2648 673 2714 luda
700 2650 904 2734 invehuntur,
930 2652 1086 2716 miracula
1112 2661 1251 2738 patrant,
1278 2654 1387 2718 futura

260 2757 460 2820 annuntiant.
480 2752 530 2817 Ad
551 2775 605 2817 eos
623 2751 787 2817 confluunt
803 2754 911 2838 plures
934 2752 1081 2840 discipuli
1099 2756 1152 2841 qui
1172 2758 1206 2820 in
1223 2756 1389 2842 Scriptura

261 2867 417 2924 vocantur
432 2856 487 2920 filii
505 2856 739 2942 Prophetarum
762 2856 821 2941 (4).
846 2857 900 2921 Isti
922 2858 1084 2942 peculiare
1107 2860 1179 2923 nte
1202 2879 1301 2944 genus
1324 2860 1390 2924 ha-

261 2962 367 3027 buisse
380 2958 528 3025 videntur
548 2968 578 3022 et
591 2957 807 3022 ellormavisse
823 2958 868 3022 sic
885 2957 986 3023 dictas
998 2959 1233 3044 Prophetarum
1249 2961 1387 3047 scholas,

262 3087 334 3153 qua
351 3068 384 3130 in
401 3082 542 3150 quanam
569 3084 603 3126 re
624 3061 752 3147 proprie
777 3071 959 3127 constarent
975 3063 1007 3125 in
1024 3062 1195 3147 Scriptnris
1217 3085 1281 3128 non
1303 3063 1390 3129 defi-

261 3171 358 3233 nitur.

305 3270 358 3332 lo.
377 3268 580 3354 Antiquiores
596 3267 646 3331 isti
663 3266 843 3351 Prophetae,
868 3264 946 3329 dum
969 3288 1020 3330 res
1044 3268 1168 3332 futuras
1186 3268 1386 3353 aperiebant,

262 3374 357 3436 simul
375 3371 519 3439 moribus
537 3368 731 3455 corrigendis
749 3369 973 3435 allaborabant
990 3380 1020 3435 et
1044 3370 1135 3436 dictis
1159 3374 1222 3436 suis
1245 3372 1389 3437 anctori-

263 3482 360 3537 tatem
384 3474 539 3537 miracula
555 3471 712 3557 patrando
729 3471 927 3556 praebebant.
947 3474 1078 3537 Interim
1097 3495 1180 3538 curae
1200 3475 1296 3538 etiam
1313 3474 1390 3559 ipsis

265 3587 333 3642 erat
349 3587 384 3640 ut
406 3577 515 3641 litteris
539 3575 730 3640 mandarent
752 3585 838 3661 gesta
862 3596 976 3661 regum
998 3576 1082 3641 Juda
1107 3579 1277 3662 etlsrae13
1301 3575 1390 3662 quod

298 3826 333 3893 (l)
347 3828 384 3877 lle
394 3826 535 3878 differentia
551 3825 617 3875 inter
629 3794 767 3889 Prophetas
779 3835 805 3877 et
816 3827 916 3877 oracula
934 3827 1093 3878 ethnicorum
1108 3827 1159 3879 rid.
1178 3829 1305 3890 lanssern,
1322 3829 1393 3879 Her-

265 3926 331 3963 men.
346 3924 415 3962 socr.
433 3915 452 3959 Ι.
467 3909 486 3970 Ι,
499 3921 522 3958 c.
538 3904 596 3973 ll.§
612 3906 696 3957 1245.
714 3908 802 3959 Leodii
818 3910 891 3968 181&
909 3909 1001 3971 ulain,
1018 3909 1162 3960 introduct.
1178 3917 1198 3960 t.
1217 3909 1260 3973 ΙΙΙ,
1274 3917 1335 3961 sect.
1349 3909 1394 3972 ΙΙΙ,

265 4007 287 4044 e.
301 3996 324 4045 Ι.
338 3992 452 4056 append.
469 3992 513 4041 des
523 3989 631 4039 eracles.

296 4072 559 4223 iiiicdedilhziil&
571 4150 600 4202 11
609 4151 668 4218 liep.
686 4151 738 4216 Vll3
756 4151 809 4215 Xll;
828 4151 912 4216 lllllV;
930 4152 970 4203 ΙΙΙ
987 4154 1044 4220 licq.
1058 4152 1078 4217 1;
1094 4155 1124 4217 ΙΙ,
1143 4154 1232 4219 29-393
1250 4152 1303 4217 llll,
1319 4153 1394 4227 2-243
1441 4186 1445 4194 -

266 4241 331 4300 Xlll.
348 4242 398 4304 1-93
412 4240 474 4299 xlv,
487 4237 559 4291 5-16.

298 4326 333 4391 (l)
347 4324 384 4375 W
395 4324 454 4389 Rep.
471 4320 501 4383 ll,
517 4322 542 4382 5,
553 4321 577 4384 5,
590 4321 666 4385 73v1,
679 4318 704 4372 2.

67 4410 128 4495 Α
