3166 4958
390 336 465 378 PARS
479 335 515 377 11.
531 334 624 377 entur
640 334 675 377 11.
695 334 733 376 DE
749 319 915 378 stanneum
928 340 953 378 s.
973 338 1078 380 HARCI.
1234 294 1307 400 Q}

171 443 260 518 gesta
272 444 329 498 aut
341 433 426 499 dicta
440 433 609 519 diligenter
627 455 691 499 uon
706 443 813 498 mmen
830 432 942 498 ordine
957 436 1167 520 exscripsisse.
1185 435 1297 520 Neque

172 536 259 599 enim
274 537 343 621 ipse
356 532 528 601 Dominum
546 534 713 600 audiverat
726 545 781 599 aut
797 545 933 600 sectatus
944 536 1049 601 fuerat
1063 558 1218 623 uuquam.
1233 534 1296 600 sed

171 657 246 702 cum
270 637 377 720 Petro,
401 647 437 702 ut
457 636 534 721 dixi,
558 646 666 724 postea
690 647 832 702 versatus
855 647 912 721 est,
939 640 994 725 qui
1016 661 1075 725 pro
1098 637 1296 705 audientium

148 728 317 835 Qum,
342 763 408 805 non
424 745 500 806 vero
516 752 551 806 ut
573 762 757 806 sermonum
775 743 902 805 Domini
919 742 1084 807 historiam
1100 749 1293 823 contexeret,
1402 764 1404 772 ’

170 834 385 928 Evangelium·
402 842 609 929 praedicabat.
635 845 792 926 Quocirca
812 844 890 909 nibil
913 845 1058 930 peccarit
1080 845 1216 926 Marcus,
1239 843 1294 929 qui

172 946 325 1009 nonnulla
341 947 383 1010 ita
399 948 533 1033 scripsit,
554 955 649 1032 prout
663 948 730 1033 ipse
748 948 904 1012 memoria
921 947 1096 1033 repetebat.
1122 945 1161 1010 ld
1175 947 1294 1032 quippe

170 1067 272 1111 unum
296 1035 454 1131 studebat,
472 1071 512 1114 ne
530 1048 609 1135 quid
626 1070 737 1114 eorum
764 1070 835 1135 quae
858 1048 1003 1113 audierat
1025 1048 1290 1139 praetermitteret,

170 1152 225 1214 aut
245 1144 378 1239 nequid
392 1154 464 1217 fafsi
480 1153 525 1217 eis
540 1151 715 1237 affingeret.
735 1180 749 1214 »

212 1256 245 1318 4.
264 1256 410 1321 Clemens
424 1256 659 1321 Alexandrinus
671 1257 731 1343 (1),
750 1266 918 1343 postquam
935 1255 1014 1320 dixit
1026 1257 1124 1321 Marci
1142 1257 1292 1341 Evange-

167 1350 248 1423 lium
272 1368 342 1443 post
375 1358 456 1423 iilud
485 1361 578 1424 buce
601 1360 816 1445 conscriptum
840 1359 960 1441 fuisse,
987 1360 1019 1422 in
1048 1379 1154 1444 quoa
1180 1359 1292 1422 ceteris

167 1462 307 1546 antiquis
325 1460 442 1545 differt,
459 1463 527 1527 aits
545 1487 559 1524 a
574 1462 654 1528 Cum
667 1463 779 1527 Petms
802 1464 834 1527 in
858 1463 939 1526 urbe
963 1464 1068 1527 Roma
1082 1460 1217 1527 verbum
1233 1462 1291 1525 nei

167 1562 296 1649 publice
313 1562 521 1649 <praedicasset
539 1574 571 1633 et
589 1565 708 1650 Spiritu
724 1575 833 1630 sanem
849 1563 972 1630 afflatus
989 1564 1198 1649 Evangelium
1214 1586 1291 1649 pro·

166 1669 350 1753 mulgasset,
368 1669 461 1733 multi
484 1669 540 1755 qui
566 1668 700 1734 adorant
725 1671 868 1734 Marcum
893 1668 1050 1733 cohortati
1075 1678 1159 1752 sunt,
1181 1676 1291 1753 utpote

166 1772 229 1857 qui.
237 1772 368 1836 Petrum
379 1771 573 1858 jamdudum
594 1782 730 1837 sectatus
751 1772 861 1837 fuisset
885 1781 915 1836 et
940 1770 1024 1835 dieta
1042 1769 1111 1856 ejus
1135 1771 1290 1836 memoria

166 1884 310 1960 teneret,
345 1880 482 1964 utque
507 1877 550 1941 ab
574 1877 726 1962 Apostola
749 1875 920 1962 praedicata
947 1884 1038 1940 erant
1062 1873 1286 1940 conscriberet.

165 1977 291 2042 Marcus
308 1980 403 2065 igitur
419 1981 630 2065 Evangeliam
647 1980 835 2064 composuit,
853 1980 954 2064 iisque
972 1980 1026 2064 qui
1050 1975 1129 2042 illud
1151 1976 1199 2065 *ab
1220 1978 1288 2061 ipso

164 2080 322 2165 rogabant
345 2082 507 2168 impertiit.
529 2081 624 2164 Quod
647 2103 722 2147 cum
736 2084 848 2147 Petrus
864 2082 1080 2166 comperisset,
1099 2102 1158 2145 nec
1174 2083 1288 2166 prohi-

163 2181 234 2246 buit
249 2185 462 2249 terminorum
481 2187 562 2269 fieri,
578 2207 638 2251 nec
652 2186 787 2249 utfieret
805 2186 962 2250 incitavit.
978 2211 993 2245 n
1013 2184 1165 2265 Quamvis
1180 2194 1288 2248 autem

126 2330 134 2342 .
163 2282 197 2347 S.
224 2284 336 2348 Petrus
363 2287 507 2352 Marcum
538 2286 580 2352 ad
610 2286 815 2381 scribendum
839 2309 903 2353 non
926 2287 1119 2368 incitaverit,
1147 2294 1288 2350 attamen

162 2396 332 2473 postquam
357 2390 482 2454 Marcus
499 2391 681 2476 scripsisset,
702 2391 854 2475 scriptum
876 2389 1078 2476 approbavit,
1100 2395 1136 2452 ut
1159 2388 1288 2454 tradunt

161 2490 320 2554 Eusebius
331 2501 362 2556 et
374 2491 597 2580 Hieronymus.

120 2666 124 2672 ,
203 2594 239 2657 5.
259 2594 414 2660 Eusebius
426 2596 474 2684 (ἢ)
495 2599 591 2665 refert
606 2620 617 2662 ε
634 2623 649 2658 a
666 2601 830 2664 Romanos
852 2598 943 2662 enixe
967 2618 1113 2662 exorasse
1128 2598 1284 2682 Marcum,

161 2697 248 2760 Petri
274 2706 474 2784 sectatorem,
500 2709 535 2764 ut
551 2700 704 2766 doctrine
718 2702 814 2785 iilius,
833 2723 932 2788 quam
954 2700 1066 2766 auditu
1081 2712 1283 2787 acceperant,

162 2801 317 2885 scriptum
333 2800 465 2888 aliquod
483 2814 726 2868 monumentum
742 2803 829 2889 apud
845 2825 878 2868 se
897 2806 1103 2889 relinqueret.
1117 2804 1182 2867 Nec
1199 2805 1286 2888 prius

129 2942 131 2946 f
161 2899 351 2967 destiterunt
361 2925 460 2990 quam
476 2905 639 2969 bominem
652 2915 885 2991 expugnassent
902 2917 1111 2991 auctoresque
1124 2904 1284 2969 scribendi

159 3004 258 3088 illius,
284 3005 371 3092 quod
385 3005 563 3072 seeundum
579 3009 725 3075 Marcum
739 3006 867 3091 dicitur,
893 3007 1057 3093 Evangelii
1083 3006 1280 3071 exstitissent.

160 3105 257 3187 Quod
284 3130 357 3173 cum
383 3110 495 3174 Petrus
520 3132 579 3196 per
601 3113 828 3176 revelationem
855 3112 887 3174 S.
914 3111 1047 3195 Spiritus
1073 3109 1282 3193 cognovisset,

161 3207 340 3279 delectatus
348 3211 472 3277 ardenti
483 3214 652 3279 hominum
667 3214 782 3298 smdio,
794 3214 913 3279 librum
924 3214 1016 3277 illum
1028 3212 1214 3276 auctoritate
1227 3233 1284 3276 sua

161 3312 389 3396 cornprobasse
399 3314 526 3399 dicitur,
536 3325 571 3380 ut
582 3314 733 3404 deinceps
746 3318 781 3380 in
793 3318 935 3381 ecclesiis
946 3318 1117 3402 legeretur.
1132 3315 1284 3379 Refertur

114 3454 117 3460 Δ
159 3410 232 3477 ida
258 3414 421 3481 Ciamnnta
446 3418 478 3482 in
508 3428 598 3484 sexto
620 3419 856 3484 Institutionum
876 3419 970 3484 libro.
992 3418 1049 3485 Cui
1073 3418 1159 3482 testis
1186 3419 1283 3482 etiam

19 3518 26 3535 '
158 3513 290 3579 aecetiit‘
299 3517 415 3603 Papias
429 3519 688 3607 Hiempoiitanus
708 3524 886 3608 episeopus.
908 3548 922 3583 r>
943 3522 1020 3587 Haec
1044 3520 1112 3585 fere
1135 3520 1283 3585 exscribit

31 3635 35 3641 ·
158 3618 373 3705 Hieronymus
392 3622 439 3708 (5)
467 3644 475 3686 r
503 3648 518 3683 a
543 3625 680 3709 Marcus,
705 3627 831 3712 inquit,
866 3624 1043 3711 disciputus
1067 3635 1098 3689 et
1126 3627 1282 3708 interpres

156 3722 255 3806 Petri,
266 3723 360 3809 jusu
376 3723 464 3812 quod
485 3727 614 3792 Petrum
634 3729 826 3793 referentem
850 3728 1006 3811 audierat,
1022 3737 1151 3812 rogatus
1170 3728 1282 3790 Roma

156 3848 177 3891 a
190 3827 343 3892 fratribus
359 3829 456 3894 breue
473 3831 596 3916 scripsit
608 3832 828 3918 Evangelium.
846 3831 939 3914 Quod
956 3853 1030 3896 cum
1046 3832 1159 3895 Petrus
1170 3826 1281 3892 audis-

155 3939 205 3994 set
225 3931 378 4016 paobarit
408 3943 441 3998 ot
469 3936 609 4001 ecclesiis
633 3935 806 4022 legendum
833 3959 890 4002 sua
921 3937 1107 4002 auctoritate
1135 3931 1278 3997 dedit...

188 4181 225 4246 (t)
240 4182 287 4246 Ap.
306 4183 412 4247 Euseb,
428 4188 495 4238 Hist.
511 4186 581 4238 Ecct.
597 4187 638 4250 vl,
650 4189 691 4241 rt.

188 4262 435 4331 (diffamabit,
449 4270 490 4320 rs

186 4345 224 4409 (a)
240 4344 276 4396 oe
289 4345 341 4399 ve.
358 4347 395 4398 ut.
411 4349 436 4400 s.
448 4348 500 4401 cs.
513 4350 584 4403 erat.
598 4351 627 4402 tn
638 4351 748 4413 urna
763 4352 846 4418 trus.
862 4352 1005 4410 ramae.
