3142 4964
247 298 288 361 50
476 316 677 360 mruouucrro
692 316 840 361 sunersms
855 317 888 358 nr
905 318 930 361 s.
949 316 1149 360 summoneri.

246 416 400 481 efficiente
410 437 521 481 omnes
534 425 654 479 naturae
667 417 749 479 vires
761 414 937 498 excedunt3
952 425 996 498 at,
1015 415 1123 501 quoad
1133 417 1254 481 lachim
1267 418 1373 502 ipsum

246 521 411 584 materiale
432 530 462 584 et
479 519 639 602 sensibile,
654 518 762 604 quoad
775 519 897 583 factum
910 529 1067 604 quatenus
1084 519 1370 603 cognoscibilem,

246 644 310 686 non
334 608 485 687 differunt
506 644 525 686 a
550 623 669 687 ceteris
693 622 857 685 eventibus
880 622 1089 686 naturalibus.
1113 622 1238 685 Etenim
1260 643 1373 686 omnes

246 734 388 806 euentus,
404 727 470 789 sive
483 725 643 788 naturales
655 726 720 787 sive
735 726 992 810 supernaturales
1004 726 1076 806 sint,
1091 724 1205 788 eodem
1218 724 1313 789 modo
1329 725 1373 789 ab

246 827 376 889 homine
392 826 689 911 apprehenduntur,
712 825 826 890 eodem
842 826 940 890 modo
957 828 1057 891 oculis
1078 838 1108 891 et
1128 828 1259 891 auribus
1273 831 1376 912 perci-

225 930 387 1013 ,piuntun
411 931 452 993 Ut
471 920 569 994 bomo
590 932 706 993 certior
725 929 766 992 dc
787 951 899 993 eorum
919 932 1052 994 veritate
1072 929 1237 1011 reddatur,
1260 931 1376 1014 sufficit

246 1053 321 1095 cum
341 1035 425 1096 sanis
447 1032 617 1117 praeditum
638 1054 705 1096 esse
726 1033 881 1096 sensibus.
901 1033 1028 1115 Sensus,
1052 1035 1225 1117 praesertim
1246 1035 1331 1097 visus
1343 1027 1377 1097 et

246 1133 384 1216 auditus,
406 1136 535 1199 unicam
556 1133 701 1218 pandunt
720 1136 806 1198 viam
822 1133 863 1197 ad
882 1135 957 1197 facti
978 1134 1128 1218 cujusvis,
1150 1136 1303 1198 naturalis
1320 1144 1376 1197 aut

247 1238 507 1321 supernaturalis,
532 1238 745 1321 cognitionem
769 1236 1014 1323 assequendam.
1028 1236 1110 1300 ‚Non
1129 1236 1302 1300 diffitemur
1318 1235 1377 1300 du·
1474 1322 1478 1329 ἡ

246 1341 336 1404 bium
354 1339 549 1425 quandoque
566 1341 641 1403 oriri
664 1360 755 1424 posse
771 1338 812 1403 de
830 1349 940 1403 natura
967 1341 1109 1420 eventus,⁴
1134 1361 1248 1424 nempe
1271 1361 1313 1403 an
1337 1342 1376 1403 sit

247 1443 400 1506 naturalis
419 1444 470 1506 vel
492 1443 752 1527 supernaturalis,
772 1464 814 1505 an
832 1444 870 1506 sit
890 1465 908 1505 a
930 1444 995 1504 Deo
1014 1452 1069 1505 aut
1087 1443 1144 1505 Dei
1161 1444 1267 1526 legato
1283 1444 1335 1506 rel
1355 1466 1374 1506 a

187 1532 190 1538 Δ
247 1542 429 1607 daemonum
449 1545 612 1629 praestigiis
628 1544 830 1629 repetendus.
851 1544 914 1608 Sed
933 1546 986 1609 hic
1005 1566 1069 1608 non
1088 1548 1238 1629 quaeritur
1254 1543 1295 1608 de
1311 1566 1374 1608 na-

247 1658 317 1710 tura
334 1649 422 1729 facti,
439 1657 494 1710 aut
508 1646 549 1710 de
562 1646 631 1732 ejus
644 1669 739 1711 causa
752 1647 905 1712 efficiente
921 1673 929 1729 3
945 1649 1096 1733 qnaeritur
1108 1657 1232 1711 tantum
1248 1646 1288 1711 de
1304 1647 1374 1733 ejus

247 1750 425 1812 exsistentia
439 1760 469 1813 et
481 1750 624 1831 veritate,
639 1771 680 1812 an
694 1751 811 1814 seilicet
824 1771 934 1812 revera
951 1750 1092 1813 evenerit
1102 1760 1197 1833 prout
1209 1759 1369 1817 narratur.

247 1853 346 1916 Porro
359 1852 565 1936 probavimus
578 1854 704 1936 Moysen
718 1863 850 1917 eventus
865 1862 1012 1916 accurate
1033 1854 1217 1937 cognovisse
1234 1902 1243 1934 ,
1264 1854 1301 1914 iis
1319 1854 1372 1915 in-

247 1952 403 2033 terfuisse,
418 1974 536 2038 eosque
553 1952 689 2018 fideliter
701 1964 732 2017 et
743 1955 865 2018 sincere
878 1955 1033 2037 retulisse,
1051 1952 1198 2040 adeoque
1215 1954 1284 2039 ejus
1296 1976 1372 2018 uar-

247 2057 403 2119 rationem
417 2078 484 2120 esse
497 2074 657 2138 veracem,
672 2080 736 2122 non
748 2079 824 2122 vero
839 2059 1024 2143 mythicam.

290 2160 342 2223 89.
356 2160 478 2250 ‘Plagae
496 2170 602 2224 autem
619 2163 821 2246 AEgyptiacas
834 2161 946 2226 haberi
963 2183 1028 2225 non
1044 2183 1136 2246 posse
1153 2171 1308 2248 tanquam
1322 2185 1374 2227 res

246 2282 334 2325 mere
346 2263 507 2327 naturales
520 2265 660 2327 fatentur
671 2263 832 2327 interdum
845 2265 904 2349 ipsi
917 2263 1102 2328 adversarii.
1119 2265 1170 2330 Sic
1182 2266 1300 2329 Munck
1309 2265 1370 2350 (l),

245 2373 416 2448 postquam
432 2367 589 2448 agnovit«
605 2368 829 2430 Rationalistas
845 2368 881 2429 in
895 2388 1013 2430 vanum
1027 2367 1244 2432 desudassent
1262 2369 1374 2453 plagas

246 2468 446 2550 AEgyptiacas
469 2476 622 2552 tanquam
647 2471 807 2533 naturales
829 2480 960 2534 eventus
983 2471 1190 2556 explicarent,
1216 2496 1231 2530 s
1254 2469 1371 2534 addit:

249 2592 263 2624 κ
279 2567 411 2652 Oportet
426 2570 522 2653 igitur
539 2571 572 2633 in
584 2571 622 2634 iis
637 2573 793 2636 miracula
810 2574 917 2637 stricto
932 2595 1026 2658 sensu
1039 2594 1211 2657 agnuscere
1228 2576 1279 2637 vel
1294 2574 1372 2638 ubi—

237 2682 309 2753 que
322 2671 450 2754 mythos
463 2669 649 2755 predicare.
673 2701 687 2731 o
705 2675 805 2738 Porro
822 2676 886 2738 istae
899 2677 1001 2759 plagae
1018 2676 1097 2739 nihil
1108 2675 1229 2740 habent
1244 2674 1331 2761 quod
1351 2698 1371 2739 a

245 2771 312 2833 Deo
330 2771 412 2835 effici
429 2782 578 2857 nequeat.
601 2774 686 2837 Nihil
709 2776 804 2859 igitur
825 2776 958 2861 impedit
976 2779 1146 2861 quominus
1165 2778 1260 2842 obvio
1276 2798 1371 2840 sensu

195 2865 198 2870 ’
245 2874 461 2938 narrationem
472 2877 645 2940 mosaicam
658 2879 863 2962 accipiamus.
875 2880 940 2943 Nec
949 2879 1046 2943 fidem
1060 2881 1118 2965 ipsi
1131 2880 1272 2944 debitam
1285 2879 1372 2943 labe-

245 2977 365 3040 factare
379 2989 511 3061 possunt
521 2999 558 3041 ea
572 2999 642 3063 quae
658 2990 828 3045 narrantur
840 2981 882 3045 de
896 2982 1163 3046 incantationibus
1178 3002 1367 3067 magorum3

245 3079 403 3165 siquidem
415 3102 454 3144 ex
467 3103 531 3144 una
548 3092 637 3165 parte
652 3092 835 3147 eertum-est
846 3106 866 3148 a
879 3086 945 3148 Deo
959 3083 1153 3170 quandoque
1167 3085 1318 3169 permitti,
1336 3095 1372 3146 ut

244 3180 371 3246 daemon
383 3176 415 3245 i'n
431 3183 528 3256 rebus
545 3183 722 3249 dominium
736 3185 901 3271 quoddam
916 3197 1064 3251 exerceat
1079 3197 1111 3250 et
1127 3189 1206 3251 mira
1222 3186 1371 3273 quaedam

245 3286 328 3347 vires
347 3293 377 3347 et
395 3285 591 3349 intellectum
609 3288 748 3352 hominis
768 3289 1060 3374 praetergredientia
1077 3289 1284 3376 indolemque
1304 3292 1371 3353 mi·
1447 3296 1451 3303 '

244 3388 345 3451 raculi
357 3390 541 3452 mentientia
557 3390 689 3474 efficiat3
705 3414 744 3455 ex
756 3394 856 3456 altera
870 3403 977 3457 autem
990 3405 1080 3478 parte
1097 3405 1220 3459 constat
1233 3397 1373 3458 incanta-

245 3498 328 3553 tores
351 3490 412 3554 illis
435 3491 610 3555 Pharaonis
632 3495 749 3558 similes
769 3493 875 3560 adhue
897 3495 992 3560 hodie
1013 3498 1044 3558 in
1068 3499 1203 3582 AEgypto
1225 3499 1369 3582 reperiri,

244 3590 344 3676 quod,
355 3613 390 3655 re
407 3603 548 3677 experta,
566 3604 697 3659 testatur
713 3599 797 3660 testis
813 3596 854 3660 dc
866 3599 936 3662 visu
951 3601 986 3662 L.
1005 3597 1046 3661 de
1062 3598 1233 3684 Laborde(
1257 3600 1280 3683 ).

150 3712 152 3715 ’
288 3695 341 3758 90.
363 3695 522 3759 Transitus
545 3700 642 3762 maris
664 3721 727 3763 non
750 3720 842 3784 posse
861 3703 1012 3785 explicari
1038 3702 1235 3787 perdurum
1261 3714 1291 3767 et
1313 3727 1369 3767 re-

244 3796 366 3861 fluxum
383 3818 542 3883 aquarum
565 3810 662 3885 patet,
689 3823 762 3866 cum
783 3802 924 3886 aliunde,
949 3815 1017 3868 tum
1042 3808 1216 3890 praesertim
1240 3828 1278 3869 ex
1301 3809 1370 3893 ipsa

244 3902 426 3965 narratione
443 3904 475 3965 in
496 3924 559 3988 qua
577 3904 714 3968 refertur
726 3907 774 3990 (ὅ)
795 3930 803 3969 :
823 3933 837 3964 «
858 3907 938 3970 Cum
955 3906 1145 3973 extendisset
1164 3911 1284 3995 Moyses
1296 3931 1371 3974 ma-

274 4179 309 4243 (l)
320 4178 420 4240 Munck,
431 4182 468 4232 la
478 4180 608 4234 Patentis
617 4196 642 4245 p.
656 4181 712 4233 lto.
842 4246 844 4251 Ι

275 4260 311 4324 (t)
325 4260 514 4313 commentaire
525 4263 714 4329 qeopraplu'que
725 4278 773 4315 sur
784 4266 900 4326 t'Euode,
912 4278 938 4327 p.
950 4262 1039 4315 2537.

276 4344 312 4404 (5)
322 4342 408 4394 Eoeod.
419 4343 481 4404 XIV,
492 4343 577 4394 ΜΞ.
