3168 4948
309 309 384 351 PARS
395 309 430 351 11.
446 308 539 349 CAPUT
551 308 599 349 111.
616 308 654 349 DE
667 307 793 350 caletus
802 308 838 348 ET
852 306 1011 348 tuoruum.
1027 305 1070 348 lv.
1085 306 1215 350 uuanda.
1263 287 1326 353 295

198 408 312 471 merito
327 406 391 471 fide
408 406 611 492 dignissimus
626 407 764 471 habetur
776 406 835 492 (l).
854 407 923 471 Ncc'
932 404 1055 491 majora
1071 405 1156 470 bona
1174 405 1216 470 ob
1233 408 1326 471 irau-

124 540 129 546 ·
198 509 273 574 dem
295 508 454 595 speranda
469 509 631 573 habebant
655 510 862 594 Evangelistae
886 509 918 571 in
942 509 1040 571 altera
1062 508 1142 589 vita,
1168 509 1326 593 siquidem

197 613 407 698 Evangelium
425 612 518 676 docet
533 611 702 676 mendacio
719 622 750 676 et
765 610 872 676 fraudi
889 612 922 675 in
942 633 976 674 re
993 602 1152 695 religionis
1170 613 1325 696 supplicia

199 725 316 780 aetcrna
331 737 398 780 esse
410 726 582 781 reservata.

242 820 296 883 10.
315 820 418 905 stylus
434 821 530 884 etiam
545 821 819 905 Evangelistarum
841 821 954 883 miram
979 818 1084 904 prodit
1107 820 1138 882 in
1161 820 1323 885 narrando

124 1002 133 1010 ¹
199 910 424 986 sinceritatem.
447 924 484 986 In
508 924 687 1008 Evangeliis
709 924 796 987 nulla
820 923 1007 1007 eloquentiae
1030 921 1155 985 allectio
1168 972 1176 1005 ,
1200 924 1324 987 nullum

199 1025 274 1088 artis
286 1022 413 1087 dicendi
426 1023 578 1107 studium,
589 1026 676 1088 nulla
691 1046 800 1088 rerum
817 1033 1018 1087 narratarum
1035 1026 1326 1110 exaggerati03styli

200 1128 461 1211 compositionem
478 1127 618 1191 narratio
637 1129 754 1210 nescit3
780 1127 825 1191 ibi
840 1128 918 1190 nihil
935 1148 974 1189 ex
991 1125 1075 1210 odio,
1092 1127 1171 1190 nihil
1190 1149 1228 1191 ex
1241 1126 1325 1191 adu-

199 1229 328 1311 latione,
347 1229 426 1321 nihil
443 1250 482 1291 ex
499 1214 679 1293 delectandi
697 1228 817 1312 studi03
840 1228 959 1315 ubique
977 1228 1172 1313 simplicitas,
1190 1228 1323 1310 candor,

197 1331 324 1394 veritas.
340 1329 487 1395 Infimam
501 1353 592 1395 suam
604 1332 760 1417 originem
772 1353 810 1396 ac
821 1332 1027 1396 rusticitatem
1042 1332 1247 1415 Evangelistae
1259 1354 1324 1396 non

198 1434 314 1497 celant.
341 1435 504 1498 Matthaeus
523 1436 660 1519 ingenue
682 1434 804 1520 absquo
827 1436 893 1498 ulla
917 1435 1088 1498 reflexione
1107 1445 1215 1498 narrat
1232 1457 1264 1499 sc
1285 1458 1324 1500 ex

197 1536 369 1620 publicano
383 1536 584 1621 Apostolum,
598 1537 720 1603 Christo
736 1539 841 1622 ipsum
854 1546 987 1601 vocante
999 1557 1099 1623 quum
1112 1535 1154 1600 ad
1170 1538 1323 1602 telonium

198 1635 333 1700 sederet.
356 1637 452 1702 Facta
475 1647 583 1701 autem
602 1639 746 1702 relcrunt
768 1637 854 1702 nude
875 1647 970 1724 prout
990 1647 1077 1722 gesta
1099 1647 1189 1721 sunt3
1211 1639 1325 1703 Christi

202 1739 358 1824 supplicia
383 1750 414 1803 ct
437 1742 627 1825 ignominias
651 1751 793 1825 narrant,
818 1743 943 1805 nullum
967 1739 1158 1825 indignantis
1177 1743 1275 1806 animi
1292 1743 1325 1806 in

197 1841 266 1927 ejus
289 1852 508 1927 persecutores
544 1844 696 1909 indicium
721 1843 897 1930 praebentes
933 1844 995 1929 (2).
1018 1845 1169 1928 Proprias
1200 1865 1324 1907 errores

197 1945 374 2032 Christique
387 1948 421 2010 in
433 1945 601 2032 Apostolos
615 1947 879 2036 reprehensiones
891 1968 956 2009 non
970 1955 1087 2011 tacent.
1106 1947 1153 2009 lta
1166 1954 1272 2010 autem
1285 1969 1324 2011 ca

197 2067 268 2132 quae
280 2057 410 2111 narrant
424 2058 510 2112 certa
524 2048 672 2113 omnibus
684 2061 751 2113 esse
764 2048 907 2133 persuasi
923 2057 995 2111 sunt
1010 2056 1045 2110 ut
1060 2048 1182 2110 nullam
1198 2048 1322 2112 cautio-

196 2172 270 2214 nem
286 2150 460 2216 adhibeant
475 2152 517 2216 ad
537 2150 635 2217 fidem
650 2153 710 2217 sibi
723 2150 969 2217 conciliandam.
993 2153 1061 2215 lmo
1077 2152 1163 2215 facta
1177 2153 1322 2215 referunt

176 2274 270 2317 cum
296 2253 443 2318 omnibus
466 2276 701 2340 personarum,
726 2256 788 2319 loci
817 2264 849 2319 et
880 2255 1032 2339 temporis
1056 2255 1320 2336 circumstantiis3

196 2365 308 2420 notant
326 2356 437 2439 urbes,
455 2358 557 2442 vicos,
572 2379 705 2441 annum,
726 2357 813 2421 diem
833 2358 961 2443 aliaque
981 2377 1052 2442 quae
1069 2354 1187 2439 fraudi,
1209 2356 1233 2419 si
1252 2376 1322 2442 quae
1342 2379 1345 2385 ·

196 2458 371 2541 adfuisset,
398 2458 583 2544 detegendae
605 2460 767 2545 aptissima
791 2461 940 2542 fuissent3
967 2460 1075 2523 omnia
1098 2457 1237 2544 donique
1270 2456 1324 2522 de-

195 2561 337 2626 scribunt
352 2583 426 2626 cum
442 2563 497 2626 illa
514 2564 683 2627 securitate
706 2584 777 2649 quae
799 2562 930 2648 propria
954 2572 1000 2626 est
1023 2562 1161 2626 hominis
1180 2562 1321 2647 ingenui.

198 2663 349 2745 Quamvis
369 2661 478 2728 autem
496 2663 627 2729 diversis
653 2665 849 2750 temporibus
873 2674 904 2729 et
926 2666 1004 2729 locis
1023 2665 1216 2750 scripserint,
1241 2665 1322 2728 mire

198 2777 305 2830 tamen
327 2768 519 2832 conueniunt
542 2768 574 2831 in
598 2768 758 2832 omnibus.
1126 2846 1129 2851 ⁴

245 2871 297 2935 ll.
322 2870 422 2935 Porro
439 2872 464 2934 si
484 2872 647 2956 Evangelii
664 2870 826 2958 objectum
844 2880 961 2935 attente
982 2869 1199 2934 considere-tur
1218 2872 1324 2954 suspi-
1400 2931 1405 2939 ,

200 2974 283 3038 cioni
303 2973 426 3038 fraudis
449 2976 538 3039 locus
558 2997 623 3039 non
646 2974 755 3039 datur.
777 2973 946 3054 Quomodo
968 2974 1053 3037 enim
1073 2974 1245 3058 potuissent
1263 2974 1322 3037 viri
1400 2994 1402 2997 ·

198 3076 349 3160 illiterati,
361 3086 510 3162 agrestes,
522 3078 694 3161 piscatores
703 3086 759 3141 aut
770 3076 945 3161 publicani,
956 3076 1066 3161 quales
1078 3085 1168 3140 erant
1179 3075 1323 3160 Apostoli

198 3189 230 3244 et
242 3180 460 3265 Evangelistae,
474 3182 654 3265 excogitare
667 3178 844 3257 doctrinam
862 3187 927 3242 tam
943 3178 1111 3242 sublimem
1128 3188 1163 3241 ut
1179 3179 1322 3242 omnium

197 3283 462 3368 philosophorum
479 3284 595 3368 placita
615 3293 646 3346 et
663 3268 771 3346 omnia
785 3283 900 3345 veteris
915 3282 1104 3346 Testamenti
1121 3281 1215 3346 effata
1228 3283 1322 3367 longe

107 3442 109 3445 ,
198 3383 348 3470 superet?
365 3384 534 3466 Quomodo
555 3386 729 3469 potuissent
752 3383 871 3468 lingere
890 3384 994 3448 virum
1016 3393 1052 3448 ut
1072 3385 1194 3467 Jesum,
1219 3385 1323 3448 omnis

199 3487 383 3573 sapientiae,
408 3490 510 3553 omnis
533 3489 681 3570 virtutis,
715 3489 881 3573 omnisque
904 3487 1107 3572 perfectionis
1130 3489 1320 3573 exemplar,

199 3591 294 3675 quale
329 3592 423 3655 totius
446 3590 574 3657 Graeciae
597 3590 779 3677 philosophi
814 3591 994 3675 excogitare
1017 3612 1184 3677 nunquam
1205 3601 1322 3676 potue-

230 3919 292 3985 (ηε
307 3921 361 3971 t'en
376 3921 441 3971 crois
455 3921 601 3985 volontiers,
617 3922 701 3986 inquit
715 3923 827 3989 Paschat,
852 3927 889 3976 tes
904 3924 1021 3975 histoires
1036 3923 1097 3974 dont
1115 3922 1152 3972 les
1171 3882 1277 3971 temoins
1293 3935 1321 3972 se

197 4000 250 4072 [ont
259 4000 373 4066 egorger.
388 4023 399 4048 ι
416 4002 511 4063 Pascat,
524 4002 641 4064 Penates,
652 4004 757 4069 xxvtll,
769 4008 809 4058 75.

229 4082 264 4148 (t)
285 4103 297 4129 (ι
315 4083 351 4134 Le
375 4084 438 4147 style
456 4084 487 4135 de
504 4083 640 4147 usvangue
657 4090 695 4135 est
711 4086 847 4138 admirable
862 4100 895 4138 en
911 4100 963 4138 une
978 4076 1074 4136 infinite
1092 4084 1123 4135 de
1141 4082 1274 4146 munieras,
1294 4092 1323 4135 et

196 4164 347 4216 entr'autres
361 4178 393 4215 en
409 4178 439 4216 ce
455 4164 518 4229 qu'il
534 4163 576 4228 n’y
591 4178 606 4216 a
619 4179 718 4218 aucune
735 4169 858 4220 invective
871 4170 903 4221 de
919 4170 942 4219 ta
958 4173 1014 4231 part
1027 4167 1071 4217 des
1085 4165 1220 4216 historiens
1233 4172 1321 4216 contre

195 4247 273 4297 tedas
296 4260 330 4298 ou
353 4248 442 4309 Pilato,
464 4247 490 4297 ni
508 4253 600 4298 contre.
614 4260 696 4299 aucun
714 4252 760 4303 des
774 4250 892 4304 Romains
906 4265 940 4303 ou
956 4251 1001 4302 des
1017 4249 1160 4301 bourreaux
1176 4248 1209 4298 de
1233 4246 1320 4299 lesus-

198 4327 292 4379 Christ.
309 4330 429 4393 »Pascat
445 4330 560 4393 Penates,
574 4327 706 4394 tt,xt1,2.
