3168 4948
418 295 493 341 rias
508 294 544 341 n.
560 295 652 340 carm
667 294 711 340 tv.
726 295 764 338 or
776 296 897 341 aenens
909 296 1126 343 arosrotonnu
1270 279 1335 345 515

640 507 807 590 CAPUT
835 508 902 589 lV.

520 777 557 821 uu
579 777 701 822 surmus
723 780 941 824 arosrotonmr
962 759 1022 848 (l).
1076 826 1080 837 Κ

254 993 538 1077 implementum.
565 988 710 1053 Continet
727 988 784 1052 iste
802 988 884 1052 libor
907 973 971 1053 non
998 990 1161 1054 universos
1189 992 1332 1056 omnium

210 1094 437 1180 Apostolorum
448 1101 549 1171 actus,
563 1089 620 1155 sed
632 1092 792 1175 praecipua
808 1090 956 1176 quaedam
967 1092 1149 1177 aliquorum
1162 1095 1334 1179 Apostolo-

211 1219 283 1262 rum
295 1205 394 1281 gesta,
409 1192 495 1280 quod
503 1192 574 1279 jam
587 1194 620 1256 in
633 1196 703 1278 ipso
720 1194 810 1257 titulo
827 1195 1015 1277 insinuatur,
1032 1191 1146 1282 πραξεις
1161 1197 1330 1262 enormior.

211 1301 288 1386 Cap.
306 1300 402 1364 l-Xll
425 1306 534 1361 narrat
548 1307 659 1360 auctor
681 1297 828 1361 Ecclesiae
850 1299 1007 1361 nascentis
1024 1298 1154 1364 exordia
1171 1310 1202 1365 et
1225 1303 1334 1367 incre·

211 1413 330 1486 menta,
356 1402 496 1488 primum
524 1400 655 1487 quidem
680 1402 762 1465 inter
779 1400 917 1483 Judaeos,
936 1423 1011 1466 mox
1032 1424 1109 1468 vero
1134 1406 1229 1469 etiam
1252 1408 1334 1470 inter

212 1512 331 1587 gentes.
357 1501 561 1592 Praemittitur
584 1501 727 1564 escensio
751 1500 864 1564 Christi
896 1509 927 1564 et
950 1501 1087 1565 Matthiae
1110 1506 1268 1587 promotio
1291 1504 1334 1570 ad

212 1605 423 1690 apostolatum
445 1605 477 1667 in
503 1604 574 1667 loco
590 1600 680 1666 Judae
704 1601 885 1688 proditoris.
904 1604 960 1667 Die
978 1605 1178 1669 Pentecostes
1202 1605 1334 1692 Spiritus

208 1703 349 1787 sanctus,
371 1704 462 1791 juxta
485 1704 598 1769 Christi
621 1704 825 1789 promissum,
854 1704 995 1768 illabitur
1017 1707 1049 1769 in
1073 1706 1252 1793 Apostolos,
1280 1711 1334 1796 qui

138 1824 144 1834 ·
212 1811 316 1874 statim
340 1809 495 1893 incipiunt
516 1808 706 1870 annuntiare
729 1808 949 1892 Evangelium,
967 1809 1071 1892 primo
1094 1810 1127 1872 in
1142 1810 1332 1896 Jerusalem,

212 1911 328 1977 deinde
343 1913 376 1975 in
395 1911 482 1975 omni
497 1907 608 1975 Judaea
624 1919 654 1973 ot
670 1910 814 1973 Samaria
829 1920 860 1975 et
881 1933 982 1996 usque
1007 1910 1048 1975 ad
1065 1913 1211 1977 ultimum
1230 1924 1332 1998 tcrrae,
1371 1972 1374 1976 ,

212 2024 306 2102 prout
327 2015 467 2080 Christus
490 2010 690 2098 praedixerat.
708 2013 780 2097 Ipso
801 2012 853 2076 die
872 2014 1083 2098 Pentecostes,
1102 2016 1195 2080 Petro
1215 2017 1335 2102 prudi-

213 2129 316 2203 cante,
339 2120 399 2182 tria
419 2118 586 2196 hominum
601 2116 702 2178 millia
721 2113 818 2179 fidem
834 2117 973 2201 amplexi
995 2118 1099 2202 prima
1118 2121 1257 2184 ecclesiae
1276 2123 1334 2185 Je„

212 2221 444 2303 rosolymitanae
467 2219 554 2282 initia
573 2217 844 2297 efformaverunt3
866 2238 965 2302 parvo
984 2219 1088 2301 coetui,
1106 2220 1201 2284 Petro
1219 2221 1335 2286 iterum

213 2322 404 2408 predicante
427 2330 458 2385 et
480 2321 642 2384 miraculis
665 2318 924 2405 praedicationem
948 2321 1166 2403 confirmante,
1193 2325 1335 2410 quinque

213 2427 276 2490 alia
292 2426 392 2489 millia
413 2446 446 2489 se
461 2422 687 2509 adjunxerunt.
706 2423 935 2486 Describuntur
951 2421 1067 2487 deinde
1082 2425 1232 2489 violentia
1246 2426 1335 2511 Apo-

213 2530 299 2594 stolis
319 2551 336 2594 a
361 2525 578 2593 sacerdotibus
600 2527 711 2608 illata,
737 2527 915 2609 primorum
938 2525 1182 2590 christianorum
1205 2529 1333 2612 fervor,

213 2654 307 2718 poena
331 2631 452 2695 coelitus
474 2628 607 2692 Ananiae
627 2637 657 2691 ct
681 2627 822 2713 Saphirae
838 2627 967 2711 inflicta,
985 2630 1098 2694 electio
1112 2629 1334 2715 diaconorum,

214 2736 400 2820 martyrium
424 2732 588 2817 Stephani,
607 2731 794 2815 propagatio
811 2728 886 2793 fidei
904 2732 986 2794 inter
1000 2730 1126 2796 Judaeos
1144 2743 1176 2796 et
1192 2732 1336 2798 Samari-

214 2848 317 2919 tanos,
336 2835 499 2900 conversio
516 2834 608 2897 Pauli
626 2842 657 2896 et
674 2832 809 2896 Cornelii
824 2834 1028 2916 centurionis,
1045 2856 1141 2919 quem
1158 2837 1214 2898 ctsi
1231 2837 1335 2920 genti-

216 2941 280 3003 lem
295 2938 407 3001 Petrus
419 2937 567 3001 divinitus
583 2934 713 2999 edoctus
725 2934 906 3019 baptizavit,
920 2956 1002 2998 nova
1015 2936 1177 3020 Evangelii
1193 2934 1334 3002 dilatatio

216 3065 274 3128 per
289 3043 410 3128 Syriam
433 3062 534 3126 usque
550 3039 764 3121 Antiochiam,
781 3041 814 3101 in
840 3060 902 3124 qua
929 3038 1008 3102 urbe
1031 3037 1177 3124 discipuli
1195 3041 1334 3125 primum

215 3146 383 3211 Christiani
399 3143 474 3209 dicti
494 3153 578 3225 sunt,
594 3143 781 3227 martyrium
798 3141 910 3205 Jacohi
924 3151 954 3205 ct
970 3142 1099 3207 vincula
1115 3143 1212 3206 Petri.

258 3251 289 3313 2.
317 3249 354 3312 ln
380 3245 520 3312 secunda
545 3255 634 3331 parte
663 3244 922 3330 (XIII-XXVIII)
943 3266 1046 3308 sermo
1075 3245 1142 3309 fere
1169 3257 1215 3309 est
1241 3248 1334 3311 unice

121 3362 132 3373 “
214 3352 254 3417 de
269 3353 361 3417 Pauli
390 3352 495 3436 gestis,
515 3370 585 3436 quae
607 3357 718 3413 auctor
740 3349 934 3430 summatim,
959 3347 1105 3432 pluribus
1127 3351 1261 3432 omissis,
1279 3373 1335 3414 re-

215 3457 287 3518 fert.
305 3456 423 3518 Paulus
439 3454 534 3537 igitur
547 3461 578 3515 et
588 3451 765 3532 Barnabas,
779 3472 797 3513 a
810 3451 928 3535 Spiritu
935 3460 1044 3515 sancto
1053 3452 1151 3535 missi,
1166 3452 1336 3518 Antiochia

185 3590 188 3609 ·
214 3556 457 3641 proficiscuntur
477 3556 508 3617 in
525 3554 675 3639 Cypmm,
694 3551 780 3615 unde
798 3562 960 3617 transeunt
978 3553 1010 3615 in
1033 3552 1141 3617 Asiam
1165 3556 1332 3638 Minorem,

215 3658 334 3722 adeunt
352 3658 555 3722 Antiochiam
572 3654 708 3736 Pisidiae,
729 3656 886 3738 Iconium,
908 3656 1062 3740 Lystrem,
1087 3656 1142 3719 ubi
1162 3655 1336 3740 praedicant

215 3762 422 3846 Evangelium
437 3762 470 3823 in
483 3759 655 3845 synagogis
669 3756 865 3841 Judaeornm,
883 3767 924 3840 et,
943 3757 1059 3821 ludaeis
1071 3758 1333 3843 repugnantibus

214 3865 348 3929 salutem
373 3862 519 3948 gentibus
543 3862 710 3943 nuntient,
737 3862 991 3948 constituuntque
1015 3882 1073 3946 per
1104 3864 1206 3926 varias
1239 3861 1335 3926 urbes

247 4163 282 4227 (l)
296 4162 347 4213 Clr.
369 4162 469 4221 Beelen,
489 4160 628 4211 comment.
648 4159 677 4208 in
693 4158 750 4209 Act.
764 4158 854 4223 Apost.
866 4158 965 4224 protep.
983 4157 1010 4208 tt
1024 4158 1065 4210 ed.
1085 4158 1186 4210 torano
1203 4159 1284 4224 loet3
1299 4161 1334 4211 lle

215 4245 312 4308 hleijer,
333 4245 368 4296 De
388 4246 462 4296 tuce
479 4242 631 4306 Antoptstin
651 4243 679 4292 tn
695 4242 828 4292 scribendo
844 4240 900 4292 Act.
922 4241 1011 4306 Apost.
1026 4241 1101 4294 libro.
1120 4243 1193 4308 uaga
1208 4244 1333 4295 Comitum

218 4326 290 4394 18273
307 4328 442 4392 Crampon,
455 4329 500 4380 Les
510 4325 586 4377 Actes
596 4326 641 4377 (tea
655 4324 775 4389 Apum.
788 4325 866 4387 Paris,
880 4323 952 4375 1872.
