3134 4934
263 261 265 265 ’
340 287 415 332 nans
430 287 465 332 11.
484 287 578 331 canor
592 289 635 332 vr.
656 289 694 332 ne
709 288 822 332 sarran
838 274 986 334 nnrsraus
1002 289 1187 338 caraunus.
1239 272 1304 339 585

176 406 210 452 se
226 385 553 473 praeparent,quando
568 387 637 451 eceli
654 396 685 451 et
697 395 779 452 terra
798 390 1047 455 innovabuntur.
1061 392 1151 457 Pauli
1165 395 1305 479 Aposto-

174 490 197 553 li
211 492 327 575 scripta
345 488 562 572 commendat,
577 509 647 575 quae
659 490 702 556 ab
718 489 853 556 indoctis
868 494 953 557 nrale
969 494 1189 580 intelliguntur
1201 497 1286 583 (ΙΙΙ).

220 593 272 656 ta.
288 595 384 657 Laerta
396 605 423 656 et
437 601 564 676 tempas.
580 593 692 656 Romae
704 593 820 678 scripta
833 593 960 658 videtur
971 596 1068 679 paulo
1081 605 1155 661 ante
1168 609 1305 664 mortem

173 696 272 779 Petri,
286 694 379 781 juxta
399 693 432 758 id
453 693 540 780 quod
557 694 727 778 Apostolus
746 696 790 759 ait
810 720 817 759 :
845 695 951 761 Certus
973 719 1040 762 saara
1063 699 1144 784 quod
1162 701 1246 766 uelox
1263 713 1306 766 est

176 801 321 885 depositio
337 797 524 862 tabernaculi
536 801 606 871 mci,
619 800 780 862 secundam
795 801 876 885 parad
893 811 920 863 et
940 801 1089 865 Domirars
1103 815 1204 866 noster
1216 806 1306 869 Jesua

180 900 612 986 Christussipuificaoitmibi.
983 965 986 970 ,

224 1005 276 1068 ΙΙ.
299 1006 414 1067 Auctor
429 1014 519 1089 atque
530 1003 673 1066 caaorrica
689 1006 863 1067 auctoritas.
887 1003 1040 1090 Origenes
1059 1016 1203 1070 recenset
1220 1008 1305 1070 hanc

178 1105 353 1192 Epistolam
368 1108 450 1169 inter
466 1105 594 1189 scripta,
612 1103 653 1168 dc
670 1104 787 1189 quibus
803 1105 977 1190 ambigitur
983 1131 992 1189 3
1005 1106 1160 1171 Eusebius
1173 1107 1255 1170 inter
1267 1130 1305 1172 ea
1404 1154 1414 1173 .

178 1207 294 1293 quibus
308 1205 552 1288 contradicitur,
585 1205 796 1291 Hieronymus
831 1206 950 1270 alieubi
990 1217 1122 1272 testatur
1157 1230 1176 1271 a
1210 1210 1304 1274 Petro

177 1308 397 1396 abjudicatam
428 1309 525 1373 luisse
549 1317 681 1394 propter
716 1309 786 1394 styli
811 1330 885 1399 cum
921 1310 1027 1396 priore
1061 1309 1301 1375 dissonantiam.

176 1412 390 1476 Nihilominus
407 1419 514 1475 tamen
539 1420 569 1474 et
592 1410 677 1474 Petri
701 1431 768 1474 esse
791 1411 929 1475 auctoris
954 1421 985 1476 et
1008 1412 1127 1478 idcirco
1150 1415 1305 1479 canonica

177 1516 352 1582 certissime
363 1514 499 1579 dicenda
516 1523 574 1579 est.
590 1514 622 1577 Si
635 1515 691 1600 qui
704 1516 790 1578 enim
803 1515 879 1579 olim
894 1513 1132 1598 dubitaverunt,
1146 1518 1210 1582 hoc
1226 1541 1306 1603 pro-

178 1620 287 1684 venire
306 1618 409 1702 potuit
425 1638 463 1680 ex
486 1638 524 1680 eo
538 1614 625 1702 quod
644 1617 740 1700 paulo
754 1626 827 1680 ante
839 1626 975 1680 mortem
991 1619 1076 1681 Petri
1093 1620 1209 1704 scripta
1227 1620 1305 1704 Epi-

177 1723 242 1786 tola
259 1743 322 1786 non
340 1721 434 1784 facile
450 1718 631 1804 pervenerit
651 1717 693 1782 ad
712 1720 861 1783 eeclesias
875 1719 991 1804 quibus
1010 1718 1241 1804 destinabatur,
1260 1732 1304 1805 et,

176 1824 393 1910 grassantibus
405 1821 689 1907 persecutionibus,
699 1819 741 1884 ad
752 1821 830 1884 alias
841 1822 990 1885 ccclesias
1001 1843 1064 1885 non
1076 1824 1181 1886 statim
1199 1822 1304 1888 dolata

176 1927 284 1991 luerit.
311 1926 392 2013 Styli
411 1934 518 1988 autem
543 1944 617 1988 cum
640 1924 746 2008 priore
771 1922 964 1987 dissonantia
989 1945 1027 1988 eo
1058 1925 1183 1990 facilius
1206 1925 1305 1991 dubia

176 2030 373 2109 excitaverit,
388 2025 474 2113 quod
487 2026 527 2090 de
541 2028 714 2110 apostolica
728 2027 849 2110 origine
862 2047 913 2089 res
929 2036 996 2090 erat
1009 2029 1114 2092 minus
1127 2039 1303 2114 comperta.

176 2127 374 2192 Procedente
387 2137 493 2217 autem
508 2135 664 2211 tempore,
682 2122 780 2188 dubia
800 2146 930 2189 excussa
955 2135 1028 2189 sunt
1054 2137 1086 2190 et
1108 2128 1248 2211 Epistola
1272 2130 1305 2192 in
1365 2168 1367 2171 ν

176 2231 327 2295 omnibus
339 2231 510 2315 Scripturas
523 2228 700 2293 canonibus
717 2230 872 2292 recensita
885 2229 956 2293 luit.

221 2334 274 2398 lb.
301 2335 377 2398 Jurc
402 2342 508 2397 autern
532 2333 659 2414 merito,
685 2352 760 2394 nam
784 2333 879 2396 Petro
909 2333 941 2395 in
969 2333 1117 2397 omnibus
1142 2314 1306 2400 codicibus

81 2420 83 2427 Ι
175 2436 360 2503 inscribitur
386 2459 394 2498 ε
430 2436 536 2500 Simon
561 2435 686 2508 Petrus,
710 2456 814 2498 seram
838 2446 865 2498 et
887 2434 1052 2519 Apostolus
1076 2438 1151 2502 Jesa
1176 2438 1304 2503 Christi.

175 2541 334 2603 Praeterea
355 2539 525 2624 Apostolus
542 2536 640 2600 refert
662 2558 695 2599 sc
714 2535 984 2621 transfigurationi
1003 2537 1115 2602 Christi
1136 2539 1304 2626 adstitisse,

176 2642 379 2727 Paulumque
393 2641 526 2704 fratrem
543 2660 635 2702 suum
649 2639 849 2702 carissimum
865 2641 1019 2722 nominat,
1047 2663 1118 2726 quae
1141 2644 1248 2707 omnia
1272 2645 1305 2707 in

176 2744 307 2808 Petrum
332 2745 477 2828 apprime
501 2740 673 2828 quadrant.
702 2742 812 2804 Patres
848 2740 979 2827 quidem
1013 2745 1177 2827 apostolici
1217 2747 1304 2809 nulla

175 2849 351 2911 recitarunt
368 2845 462 2931 hujus
474 2845 620 2930 Epistolae
635 2843 827 2927 testimonia,
846 2846 897 2907 rel
912 2846 1024 2908 saltem
1046 2867 1116 2930 quae
1132 2849 1307 2912 recitarunt

176 2949 306 3014 aliunde
324 2957 496 3033 potuerunt
511 2948 647 3029 desumi,
665 2947 709 3010 ita
724 2955 841 3009 utnon
864 2956 984 3010 constet
1008 2968 1061 3010 eos
1084 2969 1155 3011 eam
1180 2951 1307 3035 allega-

176 3054 270 3117 visse.
285 3050 348 3116 Sed
361 3072 473 3115 eorum
485 3051 645 3114 silentium
659 3071 864 3135 nequaquam
879 3048 1004 3114 efficere
1016 3059 1119 3135 potest
1131 3052 1305 3137 Epistulam

178 3176 246 3218 esse
265 3152 491 3240 rejiciendam3
515 3151 672 3232 siquidem
693 3152 806 3216 nullibi
829 3151 1010 3216 indicarunt
1029 3153 1116 3238 quod
1135 3177 1206 3219 cam
1226 3157 1306 3244 reji-

178 3267 304 3342 cerent,
330 3279 347 3319 e
372 3266 482 3321 contra
505 3256 660 3321 nonnulla
684 3257 858 3321 recitarunt
881 3278 952 3342 quae
974 3259 1120 3342 apprime
1145 3282 1219 3325 cnm
1244 3263 1308 3326 hac

177 3370 284 3425 nostra
300 3360 440 3445 Epistola
457 3357 677 3443 concordant(
703 3357 726 3442 ).

221 3466 274 3528 16.
301 3464 403 3527 Latini
427 3484 522 3547 porro
547 3462 667 3543 Patres,
690 3462 839 3544 lrcnaeus,
862 3463 1088 3547 Tertullianus,
1111 3464 1304 3550 Cyprianus,

177 3565 352 3631 secundam
366 3566 450 3628 Petri
463 3565 638 3649 Epistulam
655 3585 714 3628 nec
730 3564 870 3647 allegant
889 3588 948 3630 nee
967 3578 1149 3631 memorant
1170 3569 1229 3653 (E),
1251 3570 1306 3633 scd

177 3669 210 3733 S.
235 3668 435 3752 Hippolytus,
460 3667 571 3730 Ircnaci
593 3665 779 3750 discipulus,
804 3664 845 3728 ad
870 3689 941 3731 eam
965 3667 1080 3731 alludit
1104 3670 1163 3754 (ὅ).
1196 3670 1309 3736 Versio

211 3903 246 3967 (Ι)
260 3902 312 3953 Clr.
331 3902 457 3961 Clemens,
475 3899 637 3964 [Epistlad
649 3900 711 3950 Cor.
728 3912 799 3962 capp.
817 3902 841 3959 7,
860 3901 899 3962 ΙΙ,
917 3898 950 3950 23
966 3915 1024 3951 eum
1043 3901 1071 3953 ΙΙ
1084 3902 1155 3961 Patr.
1173 3902 1204 3963 ΙΙ,
1220 3903 1245 3963 53
1265 3903 1308 3965 ΙΙΙ,

176 3985 233 4044 Η,
249 3985 351 4033 Pastor.
363 3982 412 4031 ais.
424 3981 466 4040 ΙΙΙ,
479 3983 503 4043 Ι;
518 3980 557 4041 tv,
570 3981 586 4028 3
599 3992 657 4029 cum
670 3979 697 4030 ΙΙ
710 3980 780 4030 Patr.
800 3980 830 4041 ΙΙ,
846 3981 885 4042 lb,
901 3981 942 4033 EO.

209 4065 244 4129 (Ι)
260 4064 406 4115 Puuvertm
423 4070 506 4113 tamen
525 4062 599 4111 rerba
629 4074 685 4123 que
710 4062 830 4124 leguntur
847 4063 947 4113 Contra
957 4064 1020 4115 aar.
1035 4064 1065 4126 V,
1081 4063 1123 4125 ΙΙΙ,
1138 4063 1163 4123 Ξ;
1178 4064 1207 4125 V,
1223 4062 1264 4126 28,
1280 4065 1307 4124 ὅ,

175 4149 237 4200 Dies
255 4147 361 4198 Doaatar’
375 4147 444 4195 sicut
459 4146 528 4194 mitte
544 4144 608 4193 aaut
625 4144 756 4206 desumpta
774 4156 831 4195 esse
848 4158 879 4195 ex
899 4146 923 4195 ΙΙ
941 4145 1010 4196 rer.
1038 4145 1080 4209 ΙΙΙ,
1100 4148 1126 4208 8,
1147 4159 1307 4211 nequaquam

176 4244 236 4282 rem
251 4243 283 4280 ex
292 4229 364 4280 Paul.
379 4229 421 4290 89,
433 4230 458 4278 Ι.

210 4312 246 4378 (ὅ)
259 4312 286 4363 S.
298 4310 436 4376 Hippolyt,
453 4310 555 4362 Patrol.
569 4323 611 4376 pr.
623 4310 656 4373 ΙΙ,
667 4311 726 4374 tao,
738 4310 796 4362 859.
