3166 4958
286 303 349 366 182
516 318 715 363 turnonucrro
727 317 875 360 susumus
888 319 920 360 tlt
936 318 962 361 S.
981 316 1181 360 SCRIPTUM!-

286 422 438 488 adversus
454 419 622 484 Idumaeos.
640 418 788 500 Quonam
806 427 914 482 autem
927 427 1072 502 tempore
1087 414 1325 501 prophetaverit
1339 415 1423 478 nul-

285 527 342 591 libi
354 522 515 611 proditum
529 531 586 586 est.
601 522 711 607 Aliqui
723 529 836 605 putant
848 521 952 605 ipsum
965 521 1172 604 prophetasse
1186 516 1246 580 suh
1257 518 1422 582 lochonia

286 630 370 694 circa
393 636 537 711 tempora
566 625 771 710 captivitatis3
803 623 869 706 alii,
900 631 1043 687 tenentes
1070 621 1247 706 Prophetas
1274 620 1423 684 minores

286 729 397 796 ordine
415 729 639 812 chronologico
660 725 828 812 dispositos
845 747 912 790 csse
931 726 964 788 in
979 733 1067 788 textu
1086 722 1252 804 hebraico,
1273 721 1421 799 Abdiam

284 833 406 915 Amosi,
429 830 517 895 Oseae
542 839 573 894 et
599 830 687 894 Isaiae
707 849 851 893 coaevum
875 828 1008 892 faciunt.
1034 827 1067 891 S.
1089 827 1302 910 Hieronymus
1320 826 1421 912 juxta

286 932 487 999 traditionem
504 931 713 997 Hebraeorum
727 952 800 995 eum
818 929 877 994 sub
895 928 1008 994 Achab
1024 928 1168 1017 reponit

768 1195 799 1260 5.
825 1197 934 1259 Jonas.

327 1445 379 1507 15.
403 1445 633 1528 Arpumeutum.
659 1440 757 1504 Jonas
781 1436 876 1549 (equ),
902 1439 1030 1519 llmatbi
1054 1438 1135 1503 filius
1158 1447 1191 1503 et
1213 1437 1294 1504 Osee
1316 1449 1421 1527 atque

283 1562 371 1626 lsaiae
391 1581 539 1642 coaevus,
561 1559 779 1645 poenitentiam
806 1559 952 1622 Ninivitis
974 1580 993 1622 a
1015 1560 1082 1629 lleo
1102 1559 1279 1644 praedicare
1290 1559 1417 1646 jussus,

283 1666 398 1729 renuit.
416 1665 504 1728 Tunc
526 1685 545 1727 a
569 1663 651 1726 facie
674 1663 800 1727 Domini
824 1664 935 1746 fugere
954 1664 1076 1745 volens,
1095 1663 1203 1727 navim
1221 1663 1364 1728 ascendit
1381 1667 1420 1728 in

282 1768 396 1852 Joppe,
411 1749 519 1830 ut'iret
534 1765 567 1828 in
582 1765 728 1828 Tharsin.
748 1764 859 1828 Subito
873 1765 979 1848 gravis
991 1764 1132 1828 exoritur
1143 1765 1176 1827 in
1192 1766 1274 1828 mari
1287 1774 1418 1851 tempo-

283 1879 357 1950 stas,
383 1870 473 1933 navis
496 1867 704 1952 periclitatur,
731 1876 835 1930 nautae
857 1867 999 1951 aliquem
1023 1888 1062 1929 cx
1085 1866 1307 1951 navigantibus
1330 1870 1417 1932 iram

282 1972 399 2036 summi
426 1971 570 2035 Numinis
594 1971 747 2034 meruisse
771 1971 843 2052 rati,
870 1978 969 2032 sortes
999 1970 1138 2032 mittunt.
1170 1968 1261 2033 Cadit
1284 1991 1351 2035 sors
1378 1973 1417 2034 in

282 2077 411 2158 Jonam,
426 2076 481 2161 qui
498 2076 530 2139 in
547 2095 636 2138 mare
656 2071 818 2158 projectus
833 2094 852 2136 a
868 2070 983 2156 grandi
1005 2072 1092 2156 pisce
1116 2070 1300 2156 deglutitur.
1317 2074 1417 2136 Post·
1482 2111 1487 2119 ·

282 2200 380 2264 quam
394 2188 502 2243 autem
521 2176 622 2241 tribus
635 2176 748 2241 diebus
762 2186 793 2240 et
805 2175 907 2259 trihus
924 2174 1069 2238 noctibus
1086 2175 1119 2238 ln
1135 2184 1246 2239 ventre
1262 2176 1323 2241 ceti
1335 2197 1415 2260 pcr—

199 2362 201 2366 5
282 2282 448 2346 mansisset
466 2303 573 2363 orans,
590 2281 688 2345 Jonas
706 2281 738 2343 in
761 2280 848 2343 littus
866 2279 964 2341 maris
986 2299 1005 2341 a
1026 2277 1113 2361 pisce
1129 2279 1287 2343 evomitur
1302 2278 1411 2364 (l-Il).

281 2385 371 2450 Tunc
386 2385 483 2449 Jonas
499 2385 614 2448 iterum
640 2406 659 2447 a
684 2385 751 2447 Deo
765 2383 874 2469 jussus
896 2382 1040 2447 Ninivitis
1061 2382 1278 2466 poenitentiam
1294 2379 1414 2467 praedi-

283 2509 369 2571 care,
395 2487 552 2570 Ninivcn,
578 2487 693 2551 urbem
717 2486 961 2571 amplissimam,
987 2483 1163 2570 ingreditur
1186 2494 1217 2548 ct
1239 2485 1413 2569 perlustrat

283 2592 425 2654 clamans
451 2614 459 2653 ε
483 2590 593 2654 Adbuc
616 2590 819 2674 quadruplata
843 2590 905 2652 dies
929 2600 957 2652 et
980 2590 1089 2652 Ninive
1113 2587 1307 2652 subnotetur.
1333 2587 1412 2652 Cre-

282 2690 433 2780 diderunt
455 2692 600 2757 Ninivitae
615 2693 682 2756 Deo
698 2700 730 2756 ct
745 2692 964 2777 poenitentiam
989 2712 1062 2756 cum
1086 2711 1163 2776 rege
1183 2712 1240 2755 suo
1263 2700 1408 2776 egerunt.

282 2792 407 2858 Idcirco
424 2796 570 2858 misertus
588 2803 634 2859 est
651 2815 764 2858 eorum
791 2795 875 2858 Deus
894 2794 979 2879 (ΙΙΙ).
1011 2794 1109 2857 Jonas
1136 2814 1213 2858 vero
1241 2791 1411 2857 afflictione

281 2918 408 2981 pressus
432 2919 472 2961 cx
495 2898 574 2962 urbe
597 2898 725 2962 secessit
739 2907 771 2961 et
794 2894 875 2960 sedit
892 2906 1002 2961 contra
1019 2897 1174 2960 orientem
1191 2897 1335 2978 civitatis,
1354 2894 1410 2960 ubi

281 3000 357 3064 fccit
375 3000 433 3065 sibi
457 3000 696 3083 umbraculum,
721 3001 781 3065 suh
806 3021 870 3086 quo
894 2998 1115 3085 requiescebat
1137 3008 1311 3084 expectans
1331 2997 1411 3085 quid

281 3105 423 3168 eveniret
450 3104 578 3168 civitati.
607 3106 694 3169 Fecit
710 3112 818 3168 autem
836 3104 920 3167 Deus
938 3102 1042 3166 subito
1070 3103 1186 3166 exoriri
1211 3111 1242 3166 et
1266 3120 1409 3167 crescere

282 3205 482 3270 cucurbitam
500 3206 669 3292 (Kibaiou),
687 3227 758 3292 quae
773 3214 886 3270 contra
899 3202 1050 3269 ardorem
1075 3205 1149 3268 solis
1164 3205 1280 3269 lunam
1296 3213 1410 3290 prote-

282 3306 378 3390 gebat
392 3331 400 3388 3
418 3328 513 3371 mane
531 3328 608 3371 vcro
626 3308 743 3372 vermis
760 3306 893 3371 corrosit
906 3305 1105 3369 cucurbitam
1126 3327 1198 3392 quse
1211 3306 1316 3371 statim
1333 3327 1410 3370 exa-

281 3409 354 3472 ruit.
370 3409 479 3493 Jonas,
497 3408 613 3474 ardore
626 3411 700 3474 solis
713 3419 859 3491 aestuans,
874 3416 1011 3472 mortem
1024 3408 1207 3493 appetebat.
1223 3410 1312 3474 Tunc
1324 3409 1411 3473 Deus

282 3512 386 3596 ipsum
398 3512 602 3596 reprehendit
619 3513 705 3601 quod
719 3514 761 3576 ita
777 3513 953 3576 tristaretur
969 3510 1010 3575 dc
1024 3512 1153 3575 interitu
1169 3511 1264 3597 hujus
1278 3513 1407 3597 plantae3

281 3610 359 3676 dum
384 3613 472 3676 nulla
494 3615 697 3680 miseratione
720 3623 904 3698 tangeretur
927 3613 959 3675 in
982 3612 1148 3696 Ninivitas,
1173 3634 1233 3677 nec
1258 3613 1352 3676 vellet
1373 3623 1410 3678 ut

280 3715 364 3779 Deus
383 3726 528 3800 parceret
545 3718 674 3796 civitati,
693 3717 724 3780 in
748 3737 812 3801 qua
838 3725 929 3778 erant
951 3716 1122 3800 plusquam
1147 3724 1275 3781 centum
1298 3716 1409 3801 viginti

280 3817 381 3880 millia
410 3818 590 3901 hominum,
611 3819 666 3905 qui
690 3818 874 3882 nesciebant
894 3816 971 3902 quid
996 3827 1077 3881 asset
1105 3820 1187 3882 inter
1207 3817 1354 3883 dextram
1377 3828 1410 3884 et

281 3918 440 3981 sinistram
456 3940 547 3983 suam
567 3920 649 4004 (IV).

325 4021 377 4083 14.
397 4022 442 4083 De
466 4025 587 4086 ueritate
611 4021 682 4085 libri
699 4024 798 4085 Joun.
824 4019 937 4086 Gravis
956 4030 1103 4085 movetur
1123 4020 1198 4086 inde
1215 4023 1409 4109 abantiquo

281 4123 410 4205 quaestio
424 4121 501 4208 qnid
518 4127 634 4188 sentire
648 4123 803 4188 debemus
818 4123 860 4188 de
874 4124 968 4208 lona,
984 4124 1038 4210 qui
1056 4123 1173 4188 dicitnr
1189 4124 1293 4190 triduo
1309 4127 1409 4193 fuisse

279 4222 312 4285 in
331 4232 437 4286 ventre
454 4226 526 4308 ceti,
546 4225 634 4313 quod
652 4225 838 4291 incredibile
854 4224 991 4293 vidntur.
1007 4225 1129 4290 Deinde
1142 4225 1220 4313 quid
1236 4227 1296 4292 sibl
1309 4230 1408 4295 etiam

1564 444 1566 527 t

1564 540 1566 605 ι

279 4321 360 4386 illud
379 4325 446 4389 vult
462 4348 558 4412 supra
570 4329 744 4397 evomitum
756 4329 878 4399 Jonam·
886 4326 1087 4393 cucurbitam
1100 4327 1229 4395 natam?
1240 4328 1273 4393 S.
1291 4329 1408 4414 Augu-
