<?xml version="1.0" encoding="UTF-8"?>
<!DOCTYPE html PUBLIC "-//W3C//DTD XHTML 1.0 Transitional//EN"
    "http://www.w3.org/TR/xhtml1/DTD/xhtml1-transitional.dtd">
<html xmlns="http://www.w3.org/1999/xhtml" xml:lang="en" lang="en">
 <head>
  <title>
</title>
<meta http-equiv="Content-Type" content="text/html;charset=utf-8" />
  <meta name='ocr-system' content='tesseract 3.04.00' />
  <meta name='ocr-capabilities' content='ocr_page ocr_carea ocr_par ocr_line ocrx_word'/>
</head>
<body>
  <div class='ocr_page' id='page_1' title='image "./introductioinsa00lamygoog/introductioinsa00lamygoog_0202.png"; bbox 0 0 3166 4958; ppageno 0'>
   <div class='ocr_carea' id='block_1_1' title="bbox 281 295 1302 370">
    <p class='ocr_par' dir='ltr' id='par_1_1' title="bbox 281 295 1302 370">
     <span class='ocr_line' id='line_1_1' title="bbox 281 295 1302 370; baseline -0.012 0"><span class='ocrx_word' id='word_1_1' title='bbox 281 327 358 370; x_wconf 72' lang='lat' dir='ltr'><strong>PARS</strong></span> <span class='ocrx_word' id='word_1_2' title='bbox 371 326 394 369; x_wconf 83' lang='lat'><strong>1.</strong></span> <span class='ocrx_word' id='word_1_3' title='bbox 413 323 506 367; x_wconf 72' lang='lat' dir='ltr'>CAPUT</span> <span class='ocrx_word' id='word_1_4' title='bbox 520 320 606 363; x_wconf 81' lang='lat' dir='ltr'><strong>mv.</strong></span> <span class='ocrx_word' id='word_1_5' title='bbox 623 316 660 359; x_wconf 75' lang='lat' dir='ltr'><strong>DE</strong></span> <span class='ocrx_word' id='word_1_6' title='bbox 676 313 827 359; x_wconf 77' lang='lat' dir='ltr'><strong>nuensctu</strong></span> <span class='ocrx_word' id='word_1_7' title='bbox 843 314 1006 358; x_wconf 77' lang='lat' dir='ltr'><strong>PROPHETlS</strong></span> <span class='ocrx_word' id='word_1_8' title='bbox 1018 315 1194 359; x_wconf 72' lang='lat' dir='ltr'><strong>manmena.</strong></span> <span class='ocrx_word' id='word_1_9' title='bbox 1242 295 1302 360; x_wconf 80' lang='lat' dir='ltr'><strong>l9&#39;l</strong></span> 
     </span>
    </p>
   </div>
   <div class='ocr_carea' id='block_1_2' title="bbox 150 414 1397 3677">
    <p class='ocr_par' dir='ltr' id='par_1_2' title="bbox 176 414 1312 1630">
     <span class='ocr_line' id='line_1_2' title="bbox 176 414 1304 508; baseline -0.015 -15"><span class='ocrx_word' id='word_1_10' title='bbox 176 426 342 508; x_wconf 83' lang='lat' dir='ltr'><strong>vivebant,</strong></span> <span class='ocrx_word' id='word_1_11' title='bbox 358 424 461 488; x_wconf 88' lang='lat' dir='ltr'><strong>multo</strong></span> <span class='ocrx_word' id='word_1_12' title='bbox 475 421 590 486; x_wconf 90' lang='lat' dir='ltr'><strong>certius</strong></span> <span class='ocrx_word' id='word_1_13' title='bbox 602 416 795 500; x_wconf 72' lang='lat' dir='ltr'>distinguere</span> <span class='ocrx_word' id='word_1_14' title='bbox 810 423 982 500; x_wconf 90' lang='lat' dir='ltr'><strong>potuerunt</strong></span> <span class='ocrx_word' id='word_1_15' title='bbox 995 434 1143 500; x_wconf 86' lang='lat' dir='ltr'><strong>quanam</strong></span> <span class='ocrx_word' id='word_1_16' title='bbox 1156 414 1304 478; x_wconf 88' lang='lat' dir='ltr'><strong>vaticinia</strong></span> 
     </span>
     <span class='ocr_line' id='line_1_3' title="bbox 176 517 1306 612; baseline -0.012 -19"><span class='ocrx_word' id='word_1_17' title='bbox 176 530 352 609; x_wconf 71' lang='lat' dir='ltr'><strong>Zachariae,</strong></span> <span class='ocrx_word' id='word_1_18' title='bbox 372 544 520 612; x_wconf 84' lang='lat' dir='ltr'><strong>quaenam</strong></span> <span class='ocrx_word' id='word_1_19' title='bbox 550 521 679 585; x_wconf 89' lang='lat' dir='ltr'><strong>alterius</strong></span> <span class='ocrx_word' id='word_1_20' title='bbox 702 518 839 582; x_wconf 87' lang='lat' dir='ltr'><strong>auctoris</strong></span> <span class='ocrx_word' id='word_1_21' title='bbox 861 525 975 598; x_wconf 86' lang='lat' dir='ltr'><strong>essent,</strong></span> <span class='ocrx_word' id='word_1_22' title='bbox 996 537 1094 601; x_wconf 89' lang='lat' dir='ltr'><strong>quam</strong></span> <span class='ocrx_word' id='word_1_23' title='bbox 1115 517 1306 581; x_wconf 69' lang='lat' dir='ltr'><strong>recentiores</strong></span> 
     </span>
     <span class='ocr_line' id='line_1_4' title="bbox 178 619 1306 714; baseline -0.014 -15"><span class='ocrx_word' id='word_1_24' title='bbox 178 634 291 699; x_wconf 89' lang='lat' dir='ltr'><strong>critici.</strong></span> <span class='ocrx_word' id='word_1_25' title='bbox 308 632 341 694; x_wconf 88' lang='lat' dir='ltr'><strong>Si</strong></span> <span class='ocrx_word' id='word_1_26' title='bbox 359 629 455 714; x_wconf 83' lang='lat' dir='ltr'><strong>igitur</strong></span> <span class='ocrx_word' id='word_1_27' title='bbox 471 623 619 691; x_wconf 90' lang='lat' dir='ltr'><strong>vaticinia</strong></span> <span class='ocrx_word' id='word_1_28' title='bbox 642 619 789 686; x_wconf 88' lang='lat' dir='ltr'><strong>secunda</strong></span> <span class='ocrx_word' id='word_1_29' title='bbox 813 621 910 705; x_wconf 90' lang='lat' dir='ltr'><strong>partis</strong></span> <span class='ocrx_word' id='word_1_30' title='bbox 933 620 1121 705; x_wconf 81' lang='lat' dir='ltr'><strong>antiquioris</strong></span> <span class='ocrx_word' id='word_1_31' title='bbox 1138 619 1306 704; x_wconf 79' lang='lat' dir='ltr'><strong>Propheta</strong></span> 
     </span>
     <span class='ocr_line' id='line_1_5' title="bbox 178 721 1306 819; baseline -0.016 -16"><span class='ocrx_word' id='word_1_32' title='bbox 178 739 324 819; x_wconf 84' lang='lat' dir='ltr'><strong>fuissent,</strong></span> <span class='ocrx_word' id='word_1_33' title='bbox 339 751 547 819; x_wconf 91' lang='lat' dir='ltr'><strong>nequaquam</strong></span> <span class='ocrx_word' id='word_1_34' title='bbox 563 729 595 792; x_wconf 94' lang='lat' dir='ltr'><strong>in</strong></span> <span class='ocrx_word' id='word_1_35' title='bbox 610 725 724 791; x_wconf 88' lang='lat' dir='ltr'><strong>codem</strong></span> <span class='ocrx_word' id='word_1_36' title='bbox 740 724 822 788; x_wconf 92' lang='lat' dir='ltr'><strong>libro</strong></span> <span class='ocrx_word' id='word_1_37' title='bbox 839 723 898 788; x_wconf 94' lang='lat' dir='ltr'><strong>sub</strong></span> <span class='ocrx_word' id='word_1_38' title='bbox 918 726 1047 788; x_wconf 92' lang='lat' dir='ltr'><strong>nominc</strong></span> <span class='ocrx_word' id='word_1_39' title='bbox 1067 724 1228 787; x_wconf 77' lang='lat' dir='ltr'><strong>Zacharia</strong></span> <span class='ocrx_word' id='word_1_40' title='bbox 1244 721 1306 786; x_wconf 92' lang='lat' dir='ltr'><strong>dc-</strong></span> 
     </span>
     <span class='ocr_line' id='line_1_6' title="bbox 178 825 1305 926; baseline -0.016 -20"><span class='ocrx_word' id='word_1_41' title='bbox 178 842 297 926; x_wconf 89' lang='lat' dir='ltr'><strong>scripta</strong></span> <span class='ocrx_word' id='word_1_42' title='bbox 321 837 464 900; x_wconf 85' lang='lat' dir='ltr'><strong>fuissent.</strong></span> <span class='ocrx_word' id='word_1_43' title='bbox 486 832 598 898; x_wconf 82' lang='lat' dir='ltr'><strong>Versio</strong></span> <span class='ocrx_word' id='word_1_44' title='bbox 616 849 719 914; x_wconf 83' lang='lat' dir='ltr'><strong>grace</strong></span> <span class='ocrx_word' id='word_1_45' title='bbox 742 848 806 891; x_wconf 94' lang='lat' dir='ltr'><strong>non</strong></span> <span class='ocrx_word' id='word_1_46' title='bbox 829 825 885 890; x_wconf 93' lang='lat' dir='ltr'><strong>diu</strong></span> <span class='ocrx_word' id='word_1_47' title='bbox 907 836 1017 910; x_wconf 89' lang='lat' dir='ltr'><strong>postea</strong></span> <span class='ocrx_word' id='word_1_48' title='bbox 1041 826 1186 890; x_wconf 87' lang='lat' dir='ltr'><strong>conlecta</strong></span> <span class='ocrx_word' id='word_1_49' title='bbox 1205 835 1305 890; x_wconf 90' lang='lat' dir='ltr'><strong>totum</strong></span> 
     </span>
     <span class='ocr_line' id='line_1_7' title="bbox 179 928 1307 1015; baseline -0.014 -6"><span class='ocrx_word' id='word_1_50' title='bbox 179 945 277 1008; x_wconf 92' lang='lat' dir='ltr'><strong>etiam</strong></span> <span class='ocrx_word' id='word_1_51' title='bbox 289 939 409 1004; x_wconf 91' lang='lat' dir='ltr'><strong>librum</strong></span> <span class='ocrx_word' id='word_1_52' title='bbox 430 935 591 1000; x_wconf 77' lang='lat' dir='ltr'><strong>Zacharia</strong></span> <span class='ocrx_word' id='word_1_53' title='bbox 608 931 729 996; x_wconf 84' lang='lat' dir='ltr'><strong>tribuit.</strong></span> <span class='ocrx_word' id='word_1_54' title='bbox 745 929 810 993; x_wconf 90' lang='lat' dir='ltr'><strong>Nec</strong></span> <span class='ocrx_word' id='word_1_55' title='bbox 828 928 944 993; x_wconf 84' lang='lat' dir='ltr'><strong>desunt</strong></span> <span class='ocrx_word' id='word_1_56' title='bbox 958 930 1080 993; x_wconf 84' lang='lat' dir='ltr'><strong>interna</strong></span> <span class='ocrx_word' id='word_1_57' title='bbox 1096 928 1213 993; x_wconf 85' lang='lat' dir='ltr'><strong>indicia</strong></span> <span class='ocrx_word' id='word_1_58' title='bbox 1230 930 1307 1015; x_wconf 90' lang='lat' dir='ltr'><strong>qui-</strong></span> 
     </span>
     <span class='ocr_line' id='line_1_8' title="bbox 178 1031 1308 1118; baseline -0.014 -7"><span class='ocrx_word' id='word_1_59' title='bbox 178 1048 241 1112; x_wconf 91' lang='lat' dir='ltr'><strong>bus</strong></span> <span class='ocrx_word' id='word_1_60' title='bbox 253 1041 429 1109; x_wconf 84' lang='lat' dir='ltr'><strong>traditionis</strong></span> <span class='ocrx_word' id='word_1_61' title='bbox 444 1037 523 1104; x_wconf 88' lang='lat' dir='ltr'><strong>fides</strong></span> <span class='ocrx_word' id='word_1_62' title='bbox 539 1037 718 1101; x_wconf 84' lang='lat' dir='ltr'><strong>roboretur.</strong></span> <span class='ocrx_word' id='word_1_63' title='bbox 733 1034 858 1096; x_wconf 89' lang='lat' dir='ltr'><strong>Etenim</strong></span> <span class='ocrx_word' id='word_1_64' title='bbox 871 1042 982 1096; x_wconf 91' lang='lat' dir='ltr'><strong>auctor</strong></span> <span class='ocrx_word' id='word_1_65' title='bbox 999 1031 1136 1097; x_wconf 86' lang='lat' dir='ltr'><strong>ostendit</strong></span> <span class='ocrx_word' id='word_1_66' title='bbox 1147 1055 1180 1097; x_wconf 92' lang='lat' dir='ltr'><strong>se</strong></span> <span class='ocrx_word' id='word_1_67' title='bbox 1197 1034 1308 1118; x_wconf 87' lang='lat' dir='ltr'><strong>perle-</strong></span> 
     </span>
     <span class='ocr_line' id='line_1_9' title="bbox 180 1134 1308 1236; baseline -0.013 -22"><span class='ocrx_word' id='word_1_68' title='bbox 180 1152 263 1236; x_wconf 82' lang='lat' dir='ltr'><strong>gisse</strong></span> <span class='ocrx_word' id='word_1_69' title='bbox 281 1144 434 1211; x_wconf 84' lang='lat' dir='ltr'><strong>vaticinia</strong></span> <span class='ocrx_word' id='word_1_70' title='bbox 458 1142 569 1222; x_wconf 86' lang='lat' dir='ltr'><strong>lsaia,</strong></span> <span class='ocrx_word' id='word_1_71' title='bbox 594 1136 765 1201; x_wconf 86' lang='lat' dir='ltr'><strong>Ezechielis</strong></span> <span class='ocrx_word' id='word_1_72' title='bbox 789 1143 820 1199; x_wconf 93' lang='lat' dir='ltr'><strong>et</strong></span> <span class='ocrx_word' id='word_1_73' title='bbox 842 1135 979 1198; x_wconf 91' lang='lat' dir='ltr'><strong>aliorum</strong></span> <span class='ocrx_word' id='word_1_74' title='bbox 1002 1134 1078 1219; x_wconf 92' lang='lat' dir='ltr'><strong>(l),</strong></span> <span class='ocrx_word' id='word_1_75' title='bbox 1105 1145 1135 1199; x_wconf 88' lang='lat' dir='ltr'><strong>et</strong></span> <span class='ocrx_word' id='word_1_76' title='bbox 1159 1137 1308 1219; x_wconf 84' lang='lat' dir='ltr'><strong>supponit</strong></span> 
     </span>
     <span class='ocr_line' id='line_1_10' title="bbox 180 1237 1307 1329; baseline -0.014 -12"><span class='ocrx_word' id='word_1_77' title='bbox 180 1258 375 1317; x_wconf 86' lang='lat' dir='ltr'><strong>transactam</strong></span> <span class='ocrx_word' id='word_1_78' title='bbox 391 1245 605 1329; x_wconf 91' lang='lat' dir='ltr'><strong>captivitatem</strong></span> <span class='ocrx_word' id='word_1_79' title='bbox 621 1239 849 1325; x_wconf 80' lang='lat' dir='ltr'><strong>Babylonieam</strong></span> <span class='ocrx_word' id='word_1_80' title='bbox 866 1237 926 1323; x_wconf 77' lang='lat' dir='ltr'><strong>(Z).</strong></span> <span class='ocrx_word' id='word_1_81' title='bbox 946 1238 1103 1301; x_wconf 88' lang='lat' dir='ltr'><strong>Praterea</strong></span> <span class='ocrx_word' id='word_1_82' title='bbox 1125 1238 1156 1301; x_wconf 92' lang='lat' dir='ltr'><strong>in</strong></span> <span class='ocrx_word' id='word_1_83' title='bbox 1172 1247 1307 1323; x_wconf 89' lang='lat' dir='ltr'><strong>utraque</strong></span> 
     </span>
     <span class='ocr_line' id='line_1_11' title="bbox 181 1338 1307 1439; baseline -0.015 -21"><span class='ocrx_word' id='word_1_84' title='bbox 181 1362 273 1439; x_wconf 89' lang='lat' dir='ltr'><strong>parte</strong></span> <span class='ocrx_word' id='word_1_85' title='bbox 299 1351 411 1434; x_wconf 86' lang='lat' dir='ltr'><strong>sapius</strong></span> <span class='ocrx_word' id='word_1_86' title='bbox 439 1365 544 1410; x_wconf 90' lang='lat' dir='ltr'><strong>sermo</strong></span> <span class='ocrx_word' id='word_1_87' title='bbox 564 1342 599 1406; x_wconf 89' lang='lat' dir='ltr'><strong>fit</strong></span> <span class='ocrx_word' id='word_1_88' title='bbox 616 1340 656 1405; x_wconf 93' lang='lat' dir='ltr'><strong>de</strong></span> <span class='ocrx_word' id='word_1_89' title='bbox 684 1338 797 1404; x_wconf 87' lang='lat' dir='ltr'><strong>iisdem</strong></span> <span class='ocrx_word' id='word_1_90' title='bbox 815 1338 922 1403; x_wconf 88' lang='lat' dir='ltr'><strong>rebus.</strong></span> <span class='ocrx_word' id='word_1_91' title='bbox 947 1339 1015 1402; x_wconf 93' lang='lat' dir='ltr'><strong>lmo</strong></span> <span class='ocrx_word' id='word_1_92' title='bbox 1035 1340 1067 1402; x_wconf 93' lang='lat' dir='ltr'><strong>in</strong></span> <span class='ocrx_word' id='word_1_93' title='bbox 1090 1340 1158 1424; x_wconf 90' lang='lat' dir='ltr'><strong>ipso</strong></span> <span class='ocrx_word' id='word_1_94' title='bbox 1179 1340 1307 1422; x_wconf 86' lang='lat' dir='ltr'><strong>eloquio</strong></span> 
     </span>
     <span class='ocr_line' id='line_1_12' title="bbox 181 1440 1312 1541; baseline -0.017 -20"><span class='ocrx_word' id='word_1_95' title='bbox 181 1457 348 1541; x_wconf 90' lang='lat' dir='ltr'><strong>utriusque</strong></span> <span class='ocrx_word' id='word_1_96' title='bbox 368 1449 465 1535; x_wconf 91' lang='lat' dir='ltr'><strong>partis</strong></span> <span class='ocrx_word' id='word_1_97' title='bbox 482 1443 631 1532; x_wconf 84' lang='lat' dir='ltr'><strong>quadam</strong></span> <span class='ocrx_word' id='word_1_98' title='bbox 646 1443 804 1527; x_wconf 90' lang='lat' dir='ltr'><strong>reperitur</strong></span> <span class='ocrx_word' id='word_1_99' title='bbox 819 1440 954 1505; x_wconf 86' lang='lat' dir='ltr'><strong>affinitas</strong></span> <span class='ocrx_word' id='word_1_100' title='bbox 968 1450 999 1505; x_wconf 90' lang='lat' dir='ltr'><strong>et</strong></span> <span class='ocrx_word' id='word_1_101' title='bbox 1012 1440 1206 1505; x_wconf 88' lang='lat' dir='ltr'><strong>adhibentur</strong></span> <span class='ocrx_word' id='word_1_102' title='bbox 1227 1461 1312 1503; x_wconf 90' lang='lat' dir='ltr'><strong>non-</strong></span> 
     </span>
     <span class='ocr_line' id='line_1_13' title="bbox 181 1545 1035 1630; baseline -0.022 -7"><span class='ocrx_word' id='word_1_103' title='bbox 181 1559 272 1623; x_wconf 92' lang='lat' dir='ltr'><strong>nulla</strong></span> <span class='ocrx_word' id='word_1_104' title='bbox 284 1553 448 1620; x_wconf 52' lang='lat' dir='ltr'><strong>&lt;voeabula</strong></span> <span class='ocrx_word' id='word_1_105' title='bbox 462 1549 624 1613; x_wconf 76' lang='lat' dir='ltr'><strong>Zacharia</strong></span> <span class='ocrx_word' id='word_1_106' title='bbox 642 1545 781 1609; x_wconf 85' lang='lat' dir='ltr'><strong>maxime</strong></span> <span class='ocrx_word' id='word_1_107' title='bbox 796 1545 939 1630; x_wconf 90' lang='lat' dir='ltr'><strong>propria.</strong></span> <span class='ocrx_word' id='word_1_108' title='bbox 1033 1582 1035 1585; x_wconf 94' lang='lat'>-</span> 
     </span>
    </p>

    <p class='ocr_par' dir='ltr' id='par_1_3' title="bbox 150 1647 1314 2060">
     <span class='ocr_line' id='line_1_14' title="bbox 228 1647 1314 1741; baseline -0.013 -16"><span class='ocrx_word' id='word_1_109' title='bbox 228 1661 281 1725; x_wconf 78' lang='lat'><strong>54.</strong></span> <span class='ocrx_word' id='word_1_110' title='bbox 303 1657 376 1741; x_wconf 76' lang='lat' dir='ltr'><strong>obj.</strong></span> <span class='ocrx_word' id='word_1_111' title='bbox 400 1654 492 1718; x_wconf 90' lang='lat' dir='ltr'><strong>Prior</strong></span> <span class='ocrx_word' id='word_1_112' title='bbox 516 1672 590 1737; x_wconf 90' lang='lat' dir='ltr'><strong>pars</strong></span> <span class='ocrx_word' id='word_1_113' title='bbox 613 1670 707 1734; x_wconf 90' lang='lat' dir='ltr'><strong>prosa</strong></span> <span class='ocrx_word' id='word_1_114' title='bbox 731 1647 887 1730; x_wconf 88' lang='lat' dir='ltr'><strong>oratione,</strong></span> <span class='ocrx_word' id='word_1_115' title='bbox 910 1649 1066 1732; x_wconf 84' lang='lat' dir='ltr'><strong>posterior</strong></span> <span class='ocrx_word' id='word_1_116' title='bbox 1082 1649 1213 1712; x_wconf 88' lang='lat' dir='ltr'><strong>metrica</strong></span> <span class='ocrx_word' id='word_1_117' title='bbox 1234 1669 1314 1712; x_wconf 87' lang='lat' dir='ltr'><strong>con-</strong></span> 
     </span>
     <span class='ocr_line' id='line_1_15' title="bbox 182 1751 1314 1848; baseline -0.015 -17"><span class='ocrx_word' id='word_1_118' title='bbox 182 1765 301 1848; x_wconf 90' lang='lat' dir='ltr'><strong>scripta</strong></span> <span class='ocrx_word' id='word_1_119' title='bbox 319 1768 384 1842; x_wconf 75' lang='lat' dir='ltr'><strong>est,</strong></span> <span class='ocrx_word' id='word_1_120' title='bbox 402 1758 490 1843; x_wconf 89' lang='lat' dir='ltr'><strong>prior</strong></span> <span class='ocrx_word' id='word_1_121' title='bbox 506 1753 656 1840; x_wconf 81' lang='lat' dir='ltr'><strong>symbolis</strong></span> <span class='ocrx_word' id='word_1_122' title='bbox 677 1758 810 1833; x_wconf 83' lang='lat' dir='ltr'><strong>constat,</strong></span> <span class='ocrx_word' id='word_1_123' title='bbox 831 1751 986 1834; x_wconf 88' lang='lat' dir='ltr'><strong>posterior</strong></span> <span class='ocrx_word' id='word_1_124' title='bbox 1004 1751 1041 1814; x_wconf 92' lang='lat' dir='ltr'><strong>iis</strong></span> <span class='ocrx_word' id='word_1_125' title='bbox 1059 1762 1157 1815; x_wconf 87' lang='lat' dir='ltr'><strong>caret.</strong></span> <span class='ocrx_word' id='word_1_126' title='bbox 1179 1752 1314 1836; x_wconf 85' lang='lat' dir='ltr'><strong>Insuper</strong></span> 
     </span>
     <span class='ocr_line' id='line_1_16' title="bbox 182 1851 1313 1947; baseline -0.016 -14"><span class='ocrx_word' id='word_1_127' title='bbox 182 1876 296 1932; x_wconf 91' lang='lat' dir='ltr'><strong>auctor</strong></span> <span class='ocrx_word' id='word_1_128' title='bbox 312 1858 494 1947; x_wconf 87' lang='lat' dir='ltr'><strong>posterioris</strong></span> <span class='ocrx_word' id='word_1_129' title='bbox 509 1856 608 1942; x_wconf 86' lang='lat' dir='ltr'><strong>partis</strong></span> <span class='ocrx_word' id='word_1_130' title='bbox 628 1853 669 1917; x_wconf 87' lang='lat' dir='ltr'><strong>de</strong></span> <span class='ocrx_word' id='word_1_131' title='bbox 685 1854 804 1938; x_wconf 94' lang='lat' dir='ltr'><strong>populo</strong></span> <span class='ocrx_word' id='word_1_132' title='bbox 818 1852 919 1915; x_wconf 88' lang='lat' dir='ltr'><strong>eleeto</strong></span> <span class='ocrx_word' id='word_1_133' title='bbox 932 1853 975 1916; x_wconf 86' lang='lat' dir='ltr'><strong>ita</strong></span> <span class='ocrx_word' id='word_1_134' title='bbox 991 1854 1132 1938; x_wconf 89' lang='lat' dir='ltr'><strong>loquitur</strong></span> <span class='ocrx_word' id='word_1_135' title='bbox 1148 1862 1183 1916; x_wconf 91' lang='lat' dir='ltr'><strong>ut</strong></span> <span class='ocrx_word' id='word_1_136' title='bbox 1198 1851 1313 1916; x_wconf 90' lang='lat' dir='ltr'><strong>distin-</strong></span> 
     </span>
     <span class='ocr_line' id='line_1_17' title="bbox 150 1950 1312 2060; baseline -0.015 -26"><span class='ocrx_word' id='word_1_137' title='bbox 150 2051 155 2060; x_wconf 34' lang='lat'><strong>,</strong></span> <span class='ocrx_word' id='word_1_138' title='bbox 183 1968 322 2056; x_wconf 73' lang='lat' dir='ltr'><strong>guantur</strong></span> <span class='ocrx_word' id='word_1_139' title='bbox 346 1961 430 2028; x_wconf 78' lang='lat' dir='ltr'><strong>duda</strong></span> <span class='ocrx_word' id='word_1_140' title='bbox 460 1969 489 2024; x_wconf 91' lang='lat' dir='ltr'><strong>et</strong></span> <span class='ocrx_word' id='word_1_141' title='bbox 513 1957 679 2042; x_wconf 87' lang='lat' dir='ltr'><strong>Ephraim,</strong></span> <span class='ocrx_word' id='word_1_142' title='bbox 703 1973 839 2038; x_wconf 80' lang='lat' dir='ltr'><strong>regnum</strong></span> <span class='ocrx_word' id='word_1_143' title='bbox 859 1950 955 2015; x_wconf 88' lang='lat' dir='ltr'><strong>Juda·</strong></span> <span class='ocrx_word' id='word_1_144' title='bbox 980 1961 1010 2015; x_wconf 91' lang='lat' dir='ltr'><strong>et</strong></span> <span class='ocrx_word' id='word_1_145' title='bbox 1033 1973 1169 2039; x_wconf 81' lang='lat' dir='ltr'><strong>regnum</strong></span> <span class='ocrx_word' id='word_1_146' title='bbox 1199 1952 1312 2017; x_wconf 88' lang='lat' dir='ltr'><strong>decem</strong></span> 
     </span>
    </p>

    <p class='ocr_par' dir='ltr' id='par_1_4' title="bbox 185 2055 1313 2258">
     <span class='ocr_line' id='line_1_18' title="bbox 185 2055 1313 2151; baseline -0.017 -14"><span class='ocrx_word' id='word_1_147' title='bbox 185 2071 340 2151; x_wconf 90' lang='lat' dir='ltr'><strong>tribuum;</strong></span> <span class='ocrx_word' id='word_1_148' title='bbox 369 2061 456 2151; x_wconf 93' lang='lat' dir='ltr'><strong>quod</strong></span> <span class='ocrx_word' id='word_1_149' title='bbox 484 2058 637 2124; x_wconf 92' lang='lat' dir='ltr'><strong>indicium</strong></span> <span class='ocrx_word' id='word_1_150' title='bbox 668 2066 714 2121; x_wconf 91' lang='lat' dir='ltr'><strong>est</strong></span> <span class='ocrx_word' id='word_1_151' title='bbox 742 2064 906 2120; x_wconf 89' lang='lat' dir='ltr'><strong>auctorem</strong></span> <span class='ocrx_word' id='word_1_152' title='bbox 933 2055 1045 2118; x_wconf 85' lang='lat' dir='ltr'><strong>vixisse</strong></span> <span class='ocrx_word' id='word_1_153' title='bbox 1075 2076 1139 2141; x_wconf 89' lang='lat' dir='ltr'><strong>quo</strong></span> <span class='ocrx_word' id='word_1_154' title='bbox 1169 2065 1313 2140; x_wconf 90' lang='lat' dir='ltr'><strong>tempore</strong></span> 
     </span>
     <span class='ocr_line' id='line_1_19' title="bbox 185 2159 811 2258; baseline -0.032 -18"><span class='ocrx_word' id='word_1_155' title='bbox 185 2185 360 2258; x_wconf 90' lang='lat' dir='ltr'><strong>utrumque</strong></span> <span class='ocrx_word' id='word_1_156' title='bbox 377 2184 513 2252; x_wconf 75' lang='lat' dir='ltr'><strong>regnum</strong></span> <span class='ocrx_word' id='word_1_157' title='bbox 533 2161 641 2227; x_wconf 91' lang='lat' dir='ltr'><strong>adhue</strong></span> <span class='ocrx_word' id='word_1_158' title='bbox 657 2159 811 2224; x_wconf 83' lang='lat' dir='ltr'><strong>exstabat.</strong></span> 
     </span>
    </p>

    <p class='ocr_par' dir='ltr' id='par_1_5' title="bbox 186 2261 1397 3677">
     <span class='ocr_line' id='line_1_20' title="bbox 230 2261 1314 2356; baseline -0.014 -15"><span class='ocrx_word' id='word_1_159' title='bbox 230 2276 284 2342; x_wconf 76' lang='lat'><strong>55.</strong></span> <span class='ocrx_word' id='word_1_160' title='bbox 298 2276 389 2356; x_wconf 84' lang='lat' dir='ltr'><strong>Rcsp.</strong></span> <span class='ocrx_word' id='word_1_161' title='bbox 409 2271 488 2334; x_wconf 89' lang='lat' dir='ltr'><strong>Sunt</strong></span> <span class='ocrx_word' id='word_1_162' title='bbox 506 2268 560 2331; x_wconf 93' lang='lat' dir='ltr'><strong>alii</strong></span> <span class='ocrx_word' id='word_1_163' title='bbox 576 2263 743 2349; x_wconf 89' lang='lat' dir='ltr'><strong>Propheta</strong></span> <span class='ocrx_word' id='word_1_164' title='bbox 764 2282 901 2348; x_wconf 89' lang='lat' dir='ltr'><strong>quorum</strong></span> <span class='ocrx_word' id='word_1_165' title='bbox 922 2261 1070 2325; x_wconf 88' lang='lat' dir='ltr'><strong>vaticinia</strong></span> <span class='ocrx_word' id='word_1_166' title='bbox 1085 2263 1200 2346; x_wconf 88' lang='lat' dir='ltr'><strong>partim</strong></span> <span class='ocrx_word' id='word_1_167' title='bbox 1219 2284 1314 2347; x_wconf 91' lang='lat' dir='ltr'><strong>prosa</strong></span> 
     </span>
     <span class='ocr_line' id='line_1_21' title="bbox 188 2364 1314 2461; baseline -0.016 -14"><span class='ocrx_word' id='word_1_168' title='bbox 188 2382 331 2448; x_wconf 89' lang='lat' dir='ltr'><strong>oratione</strong></span> <span class='ocrx_word' id='word_1_169' title='bbox 343 2375 460 2461; x_wconf 90' lang='lat' dir='ltr'><strong>partim</strong></span> <span class='ocrx_word' id='word_1_170' title='bbox 475 2371 609 2435; x_wconf 85' lang='lat' dir='ltr'><strong>metrica</strong></span> <span class='ocrx_word' id='word_1_171' title='bbox 624 2375 753 2431; x_wconf 88' lang='lat' dir='ltr'><strong>exarata</strong></span> <span class='ocrx_word' id='word_1_172' title='bbox 769 2374 853 2448; x_wconf 90' lang='lat' dir='ltr'><strong>sunt,</strong></span> <span class='ocrx_word' id='word_1_173' title='bbox 875 2374 911 2428; x_wconf 91' lang='lat' dir='ltr'><strong>ut</strong></span> <span class='ocrx_word' id='word_1_174' title='bbox 922 2364 1015 2447; x_wconf 86' lang='lat' dir='ltr'><strong>Osee,</strong></span> <span class='ocrx_word' id='word_1_175' title='bbox 1033 2373 1064 2428; x_wconf 88' lang='lat' dir='ltr'><strong>et</strong></span> <span class='ocrx_word' id='word_1_176' title='bbox 1081 2365 1189 2448; x_wconf 77' lang='lat' dir='ltr'><strong>isaias,</strong></span> <span class='ocrx_word' id='word_1_177' title='bbox 1212 2365 1314 2430; x_wconf 91' lang='lat' dir='ltr'><strong>adeo-</strong></span> 
     </span>
     <span class='ocr_line' id='line_1_22' title="bbox 187 2467 1314 2570; baseline -0.013 -23"><span class='ocrx_word' id='word_1_178' title='bbox 187 2505 250 2570; x_wconf 91' lang='lat' dir='ltr'><strong>que</strong></span> <span class='ocrx_word' id='word_1_179' title='bbox 264 2482 361 2545; x_wconf 91' lang='lat' dir='ltr'><strong>allata</strong></span> <span class='ocrx_word' id='word_1_180' title='bbox 377 2473 557 2539; x_wconf 86' lang='lat' dir='ltr'><strong>differentia</strong></span> <span class='ocrx_word' id='word_1_181' title='bbox 570 2473 652 2535; x_wconf 90' lang='lat' dir='ltr'><strong>inter</strong></span> <span class='ocrx_word' id='word_1_182' title='bbox 666 2478 836 2552; x_wconf 90' lang='lat' dir='ltr'><strong>utramque</strong></span> <span class='ocrx_word' id='word_1_183' title='bbox 852 2467 1075 2531; x_wconf 76' lang='lat' dir='ltr'><strong>vaticiniorum</strong></span> <span class='ocrx_word' id='word_1_184' title='bbox 1091 2478 1216 2554; x_wconf 90' lang='lat' dir='ltr'><strong>partem</strong></span> <span class='ocrx_word' id='word_1_185' title='bbox 1234 2469 1314 2532; x_wconf 93' lang='lat' dir='ltr'><strong>nihil</strong></span> 
     </span>
     <span class='ocr_line' id='line_1_23' title="bbox 186 2570 1313 2673; baseline -0.015 -22"><span class='ocrx_word' id='word_1_186' title='bbox 186 2586 313 2673; x_wconf 91' lang='lat' dir='ltr'><strong>probat.</strong></span> <span class='ocrx_word' id='word_1_187' title='bbox 327 2583 426 2645; x_wconf 86' lang='lat' dir='ltr'><strong>Prosa</strong></span> <span class='ocrx_word' id='word_1_188' title='bbox 439 2577 582 2641; x_wconf 92' lang='lat' dir='ltr'><strong>oratione</strong></span> <span class='ocrx_word' id='word_1_189' title='bbox 599 2572 763 2656; x_wconf 77' lang='lat' dir='ltr'><strong>descripte</strong></span> <span class='ocrx_word' id='word_1_190' title='bbox 777 2580 850 2634; x_wconf 93' lang='lat' dir='ltr'><strong>sunt</strong></span> <span class='ocrx_word' id='word_1_191' title='bbox 864 2570 1025 2634; x_wconf 75' lang='lat' dir='ltr'><strong>Zacharia</strong></span> <span class='ocrx_word' id='word_1_192' title='bbox 1041 2570 1178 2633; x_wconf 89' lang='lat' dir='ltr'><strong>visiones</strong></span> <span class='ocrx_word' id='word_1_193' title='bbox 1196 2575 1313 2655; x_wconf 86' lang='lat' dir='ltr'><strong>quem-</strong></span> 
     </span>
     <span class='ocr_line' id='line_1_24' title="bbox 186 2672 1397 2763; baseline -0.015 -9"><span class='ocrx_word' id='word_1_194' title='bbox 186 2685 362 2754; x_wconf 92' lang='lat' dir='ltr'><strong>admodum</strong></span> <span class='ocrx_word' id='word_1_195' title='bbox 380 2683 520 2747; x_wconf 90' lang='lat' dir='ltr'><strong>aetiones</strong></span> <span class='ocrx_word' id='word_1_196' title='bbox 535 2676 716 2763; x_wconf 80' lang='lat' dir='ltr'><strong>symbolica</strong></span> <span class='ocrx_word' id='word_1_197' title='bbox 732 2672 819 2759; x_wconf 86' lang='lat' dir='ltr'><strong>apud</strong></span> <span class='ocrx_word' id='word_1_198' title='bbox 834 2672 962 2757; x_wconf 86' lang='lat' dir='ltr'><strong>Oseam,</strong></span> <span class='ocrx_word' id='word_1_199' title='bbox 981 2674 1117 2737; x_wconf 89' lang='lat' dir='ltr'><strong>visiones</strong></span> <span class='ocrx_word' id='word_1_200' title='bbox 1129 2673 1215 2759; x_wconf 95' lang='lat' dir='ltr'><strong>apud</strong></span> <span class='ocrx_word' id='word_1_201' title='bbox 1233 2677 1314 2738; x_wconf 85' lang='lat' dir='ltr'><strong>Eze-</strong></span> <span class='ocrx_word' id='word_1_202' title='bbox 1393 2684 1397 2694; x_wconf 81' lang='grc'><em>’</em></span> 
     </span>
     <span class='ocr_line' id='line_1_25' title="bbox 187 2775 1316 2861; baseline -0.014 -5"><span class='ocrx_word' id='word_1_203' title='bbox 187 2791 323 2857; x_wconf 91' lang='lat' dir='ltr'><strong>ehielem</strong></span> <span class='ocrx_word' id='word_1_204' title='bbox 339 2795 370 2850; x_wconf 91' lang='lat' dir='ltr'><strong>et</strong></span> <span class='ocrx_word' id='word_1_205' title='bbox 379 2782 559 2847; x_wconf 87' lang='lat' dir='ltr'><strong>Danielem.</strong></span> <span class='ocrx_word' id='word_1_206' title='bbox 573 2780 643 2843; x_wconf 88' lang='lat' dir='ltr'><strong>Non</strong></span> <span class='ocrx_word' id='word_1_207' title='bbox 658 2777 766 2841; x_wconf 90' lang='lat' dir='ltr'><strong>omnia</strong></span> <span class='ocrx_word' id='word_1_208' title='bbox 779 2776 952 2861; x_wconf 84' lang='lat' dir='ltr'><strong>symbolica</strong></span> <span class='ocrx_word' id='word_1_209' title='bbox 965 2784 1037 2839; x_wconf 88' lang='lat' dir='ltr'><strong>sunt</strong></span> <span class='ocrx_word' id='word_1_210' title='bbox 1053 2775 1140 2861; x_wconf 94' lang='lat' dir='ltr'><strong>apud</strong></span> <span class='ocrx_word' id='word_1_211' title='bbox 1156 2776 1272 2841; x_wconf 89' lang='lat' dir='ltr'><strong>Oseam</strong></span> <span class='ocrx_word' id='word_1_212' title='bbox 1285 2787 1316 2842; x_wconf 88' lang='lat' dir='ltr'><strong>et</strong></span> 
     </span>
     <span class='ocr_line' id='line_1_26' title="bbox 187 2879 1313 2972; baseline -0.013 -14"><span class='ocrx_word' id='word_1_213' title='bbox 187 2892 397 2972; x_wconf 84' lang='lat' dir='ltr'><strong>Ezechielem;</strong></span> <span class='ocrx_word' id='word_1_214' title='bbox 421 2887 465 2950; x_wconf 90' lang='lat' dir='ltr'><strong>sic</strong></span> <span class='ocrx_word' id='word_1_215' title='bbox 486 2886 581 2948; x_wconf 87' lang='lat' dir='ltr'><strong>etiam</strong></span> <span class='ocrx_word' id='word_1_216' title='bbox 602 2883 634 2945; x_wconf 94' lang='lat' dir='ltr'><strong>in</strong></span> <span class='ocrx_word' id='word_1_217' title='bbox 653 2879 807 2944; x_wconf 85' lang='lat' dir='ltr'><strong>Zacharia</strong></span> <span class='ocrx_word' id='word_1_218' title='bbox 824 2900 889 2942; x_wconf 94' lang='lat' dir='ltr'><strong>una</strong></span> <span class='ocrx_word' id='word_1_219' title='bbox 901 2887 1025 2942; x_wconf 91' lang='lat' dir='ltr'><strong>tantum</strong></span> <span class='ocrx_word' id='word_1_220' title='bbox 1039 2899 1113 2963; x_wconf 90' lang='lat' dir='ltr'><strong>pars</strong></span> <span class='ocrx_word' id='word_1_221' title='bbox 1130 2879 1313 2962; x_wconf 88' lang='lat' dir='ltr'><strong>visionibus,</strong></span> 
     </span>
     <span class='ocr_line' id='line_1_27' title="bbox 186 2980 1316 3072; baseline -0.014 -11"><span class='ocrx_word' id='word_1_222' title='bbox 186 2999 288 3062; x_wconf 90' lang='lat' dir='ltr'><strong>altera</strong></span> <span class='ocrx_word' id='word_1_223' title='bbox 304 2988 504 3057; x_wconf 91' lang='lat' dir='ltr'><strong>sermonibus</strong></span> <span class='ocrx_word' id='word_1_224' title='bbox 525 2984 717 3072; x_wconf 88' lang='lat' dir='ltr'><strong>propheticis</strong></span> <span class='ocrx_word' id='word_1_225' title='bbox 732 2990 865 3046; x_wconf 87' lang='lat' dir='ltr'><strong>constat.</strong></span> <span class='ocrx_word' id='word_1_226' title='bbox 883 2980 1029 3064; x_wconf 89' lang='lat' dir='ltr'><strong>Denique</strong></span> <span class='ocrx_word' id='word_1_227' title='bbox 1047 2980 1217 3043; x_wconf 91' lang='lat' dir='ltr'><strong>Zacharias</strong></span> <span class='ocrx_word' id='word_1_228' title='bbox 1233 2980 1316 3045; x_wconf 90' lang='lat' dir='ltr'><strong>bene</strong></span> 
     </span>
     <span class='ocr_line' id='line_1_28' title="bbox 186 3083 1316 3185; baseline -0.016 -22"><span class='ocrx_word' id='word_1_229' title='bbox 186 3098 290 3185; x_wconf 91' lang='lat' dir='ltr'><strong>potuit</strong></span> <span class='ocrx_word' id='word_1_230' title='bbox 301 3095 390 3181; x_wconf 93' lang='lat' dir='ltr'><strong>loqui</strong></span> <span class='ocrx_word' id='word_1_231' title='bbox 403 3091 444 3155; x_wconf 93' lang='lat' dir='ltr'><strong>de</strong></span> <span class='ocrx_word' id='word_1_232' title='bbox 456 3087 541 3154; x_wconf 85' lang='lat' dir='ltr'><strong>Juda</strong></span> <span class='ocrx_word' id='word_1_233' title='bbox 557 3096 588 3151; x_wconf 89' lang='lat' dir='ltr'><strong>et</strong></span> <span class='ocrx_word' id='word_1_234' title='bbox 604 3087 704 3150; x_wconf 89' lang='lat' dir='ltr'><strong>lsrael</strong></span> <span class='ocrx_word' id='word_1_235' title='bbox 720 3083 774 3147; x_wconf 94' lang='lat' dir='ltr'><strong>diu</strong></span> <span class='ocrx_word' id='word_1_236' title='bbox 792 3092 864 3169; x_wconf 87' lang='lat' dir='ltr'><strong>post</strong></span> <span class='ocrx_word' id='word_1_237' title='bbox 875 3083 991 3146; x_wconf 92' lang='lat' dir='ltr'><strong>horum</strong></span> <span class='ocrx_word' id='word_1_238' title='bbox 1004 3102 1177 3166; x_wconf 80' lang='lat' dir='ltr'><strong>regnorum</strong></span> <span class='ocrx_word' id='word_1_239' title='bbox 1194 3084 1316 3147; x_wconf 88' lang='lat' dir='ltr'><strong>exstin-</strong></span> 
     </span>
     <span class='ocr_line' id='line_1_29' title="bbox 189 3182 1316 3281; baseline -0.015 -16"><span class='ocrx_word' id='word_1_240' title='bbox 189 3187 340 3281; x_wconf 87' lang='lat' dir='ltr'><strong>ctionem,</strong></span> <span class='ocrx_word' id='word_1_241' title='bbox 355 3195 411 3259; x_wconf 93' lang='lat' dir='ltr'><strong>ubi</strong></span> <span class='ocrx_word' id='word_1_242' title='bbox 424 3194 566 3256; x_wconf 87' lang='lat' dir='ltr'><strong>luturam</strong></span> <span class='ocrx_word' id='word_1_243' title='bbox 578 3187 750 3253; x_wconf 87' lang='lat' dir='ltr'><strong>duodecim</strong></span> <span class='ocrx_word' id='word_1_244' title='bbox 766 3185 909 3249; x_wconf 91' lang='lat' dir='ltr'><strong>tribuum</strong></span> <span class='ocrx_word' id='word_1_245' title='bbox 922 3182 1150 3248; x_wconf 91' lang='lat' dir='ltr'><strong>adunationem</strong></span> <span class='ocrx_word' id='word_1_246' title='bbox 1165 3206 1316 3270; x_wconf 90' lang='lat' dir='ltr'><strong>pranun-</strong></span> 
     </span>
     <span class='ocr_line' id='line_1_30' title="bbox 188 3286 1376 3383; baseline -0.013 -16"><span class='ocrx_word' id='word_1_247' title='bbox 188 3302 312 3383; x_wconf 90' lang='lat' dir='ltr'><strong>tiabat,</strong></span> <span class='ocrx_word' id='word_1_248' title='bbox 345 3298 419 3383; x_wconf 88' lang='lat' dir='ltr'><strong>quia</strong></span> <span class='ocrx_word' id='word_1_249' title='bbox 444 3291 658 3380; x_wconf 88' lang='lat' dir='ltr'><strong>praeedentes</strong></span> <span class='ocrx_word' id='word_1_250' title='bbox 681 3289 849 3373; x_wconf 88' lang='lat' dir='ltr'><strong>Propheta</strong></span> <span class='ocrx_word' id='word_1_251' title='bbox 872 3286 959 3351; x_wconf 90' lang='lat' dir='ltr'><strong>idem</strong></span> <span class='ocrx_word' id='word_1_252' title='bbox 989 3288 1141 3350; x_wconf 86' lang='lat' dir='ltr'><strong>fecerant.</strong></span> <span class='ocrx_word' id='word_1_253' title='bbox 1169 3287 1316 3359; x_wconf 85' lang='lat' dir='ltr'><strong>Ceterum</strong></span> <span class='ocrx_word' id='word_1_254' title='bbox 1373 3300 1376 3308; x_wconf 88' lang='lat'>&#39;</span> 
     </span>
     <span class='ocr_line' id='line_1_31' title="bbox 188 3389 1318 3486; baseline -0.013 -16"><span class='ocrx_word' id='word_1_255' title='bbox 188 3402 305 3470; x_wconf 81' lang='lat' dir='ltr'><strong>exinde</strong></span> <span class='ocrx_word' id='word_1_256' title='bbox 328 3403 352 3466; x_wconf 89' lang='lat' dir='ltr'><strong>si</strong></span> <span class='ocrx_word' id='word_1_257' title='bbox 381 3400 450 3486; x_wconf 90' lang='lat' dir='ltr'><strong>quis</strong></span> <span class='ocrx_word' id='word_1_258' title='bbox 471 3397 569 3460; x_wconf 90' lang='lat' dir='ltr'><strong>vellet</strong></span> <span class='ocrx_word' id='word_1_259' title='bbox 592 3391 785 3458; x_wconf 90' lang='lat' dir='ltr'><strong>concludere</strong></span> <span class='ocrx_word' id='word_1_260' title='bbox 810 3400 919 3455; x_wconf 91' lang='lat' dir='ltr'><strong>contra</strong></span> <span class='ocrx_word' id='word_1_261' title='bbox 944 3390 1155 3473; x_wconf 87' lang='lat' dir='ltr'><strong>Zachariam,</strong></span> <span class='ocrx_word' id='word_1_262' title='bbox 1185 3389 1318 3455; x_wconf 89' lang='lat' dir='ltr'><strong>deberet</strong></span> 
     </span>
     <span class='ocr_line' id='line_1_32' title="bbox 188 3493 1318 3583; baseline -0.014 -10"><span class='ocrx_word' id='word_1_263' title='bbox 188 3510 289 3574; x_wconf 90' lang='lat' dir='ltr'><strong>etiam</strong></span> <span class='ocrx_word' id='word_1_264' title='bbox 302 3527 376 3571; x_wconf 89' lang='lat' dir='ltr'><strong>eum</strong></span> <span class='ocrx_word' id='word_1_265' title='bbox 390 3511 554 3567; x_wconf 88' lang='lat' dir='ltr'><strong>auctorem</strong></span> <span class='ocrx_word' id='word_1_266' title='bbox 566 3518 684 3583; x_wconf 84' lang='lat' dir='ltr'><strong>negare</strong></span> <span class='ocrx_word' id='word_1_267' title='bbox 696 3497 812 3581; x_wconf 91' lang='lat' dir='ltr'><strong>prioris</strong></span> <span class='ocrx_word' id='word_1_268' title='bbox 824 3496 934 3581; x_wconf 89' lang='lat' dir='ltr'><strong>partis,</strong></span> <span class='ocrx_word' id='word_1_269' title='bbox 943 3494 975 3557; x_wconf 96' lang='lat' dir='ltr'><strong>in</strong></span> <span class='ocrx_word' id='word_1_270' title='bbox 990 3515 1054 3580; x_wconf 89' lang='lat' dir='ltr'><strong>qua</strong></span> <span class='ocrx_word' id='word_1_271' title='bbox 1067 3494 1153 3583; x_wconf 85' lang='lat' dir='ltr'><strong>(cap.</strong></span> <span class='ocrx_word' id='word_1_272' title='bbox 1163 3493 1250 3579; x_wconf 87' lang='lat' dir='ltr'><strong>Vlll,</strong></span> <span class='ocrx_word' id='word_1_273' title='bbox 1263 3495 1318 3581; x_wconf 78' lang='lat'><strong>15)</strong></span> 
     </span>
     <span class='ocr_line' id='line_1_33' title="bbox 189 3601 648 3677; baseline -0.022 0"><span class='ocrx_word' id='word_1_274' title='bbox 189 3610 331 3677; x_wconf 91' lang='lat' dir='ltr'><strong>occurrit</strong></span> <span class='ocrx_word' id='word_1_275' title='bbox 348 3605 461 3671; x_wconf 88' lang='lat' dir='ltr'><strong>eadem</strong></span> <span class='ocrx_word' id='word_1_276' title='bbox 479 3601 648 3667; x_wconf 87' lang='lat' dir='ltr'><strong>distinctio.</strong></span> 
     </span>
    </p>
   </div>
   <div class='ocr_carea' id='block_1_3' title="bbox 190 3824 1318 4067">
    <p class='ocr_par' dir='ltr' id='par_1_6' title="bbox 190 3824 1318 4067">
     <span class='ocr_line' id='line_1_34' title="bbox 225 3824 1318 3904; baseline -0.011 -16"><span class='ocrx_word' id='word_1_277' title='bbox 225 3839 264 3904; x_wconf 78' lang='lat' dir='ltr'><strong>(l)</strong></span> <span class='ocrx_word' id='word_1_278' title='bbox 277 3836 328 3887; x_wconf 83' lang='lat' dir='ltr'><strong>cn.</strong></span> <span class='ocrx_word' id='word_1_279' title='bbox 338 3834 415 3885; x_wconf 81' lang='lat' dir='ltr'><strong>chb.</strong></span> <span class='ocrx_word' id='word_1_280' title='bbox 428 3834 459 3894; x_wconf 84' lang='lat' dir='ltr'><strong>x,</strong></span> <span class='ocrx_word' id='word_1_281' title='bbox 472 3835 496 3893; x_wconf 68' lang='grc' dir='ltr'><strong>ὅς</strong></span> <span class='ocrx_word' id='word_1_282' title='bbox 510 3830 573 3892; x_wconf 88' lang='lat' dir='ltr'><strong>lllll,</strong></span> <span class='ocrx_word' id='word_1_283' title='bbox 592 3830 636 3881; x_wconf 61' lang='grc'><strong>84)</strong></span> <span class='ocrx_word' id='word_1_284' title='bbox 649 3842 708 3880; x_wconf 87' lang='lat' dir='ltr'><strong>eum</strong></span> <span class='ocrx_word' id='word_1_285' title='bbox 723 3829 814 3880; x_wconf 65' lang='lat' dir='ltr'><strong>Erech.</strong></span> <span class='ocrx_word' id='word_1_286' title='bbox 830 3828 935 3891; x_wconf 82' lang='lat' dir='ltr'><strong>xxxtv,</strong></span> <span class='ocrx_word' id='word_1_287' title='bbox 953 3829 992 3888; x_wconf 72' lang='lat'><strong>173</strong></span> <span class='ocrx_word' id='word_1_288' title='bbox 1005 3827 1035 3888; x_wconf 89' lang='lat' dir='ltr'><strong>V,</strong></span> <span class='ocrx_word' id='word_1_289' title='bbox 1053 3827 1102 3886; x_wconf 83' lang='lat' dir='ltr'><strong>l·l;</strong></span> <span class='ocrx_word' id='word_1_290' title='bbox 1119 3824 1197 3875; x_wconf 81' lang='lat' dir='ltr'><strong>Znelt.</strong></span> <span class='ocrx_word' id='word_1_291' title='bbox 1220 3825 1261 3886; x_wconf 83' lang='lat' dir='ltr'><strong>tx,</strong></span> <span class='ocrx_word' id='word_1_292' title='bbox 1278 3824 1318 3877; x_wconf 72' lang='lat' dir='ltr'><strong>te.</strong></span> 
     </span>
     <span class='ocr_line' id='line_1_35' title="bbox 190 3911 818 3980; baseline -0.021 -6"><span class='ocrx_word' id='word_1_293' title='bbox 190 3936 256 3974; x_wconf 91' lang='lat' dir='ltr'><strong>eum</strong></span> <span class='ocrx_word' id='word_1_294' title='bbox 270 3920 306 3970; x_wconf 81' lang='lat' dir='ltr'><strong>la.</strong></span> <span class='ocrx_word' id='word_1_295' title='bbox 322 3919 373 3978; x_wconf 80' lang='lat' dir='ltr'><strong>XL,</strong></span> <span class='ocrx_word' id='word_1_296' title='bbox 387 3917 412 3980; x_wconf 72' lang='lat'><strong>23</strong></span> <span class='ocrx_word' id='word_1_297' title='bbox 428 3912 476 3967; x_wconf 82' lang='lat' dir='ltr'><strong>etc&#39;.</strong></span> <span class='ocrx_word' id='word_1_298' title='bbox 491 3917 548 3967; x_wconf 80' lang='lat' dir='ltr'><strong>vid.</strong></span> <span class='ocrx_word' id='word_1_299' title='bbox 562 3913 656 3965; x_wconf 85' lang='lat' dir='ltr'><strong>lteinke</strong></span> <span class='ocrx_word' id='word_1_300' title='bbox 666 3915 684 3964; x_wconf 92' lang='lat' dir='ltr'><strong>l.</strong></span> <span class='ocrx_word' id='word_1_301' title='bbox 700 3926 723 3963; x_wconf 89' lang='lat' dir='ltr'><strong>e.</strong></span> <span class='ocrx_word' id='word_1_302' title='bbox 737 3927 761 3974; x_wconf 90' lang='lat' dir='ltr'><strong>p.</strong></span> <span class='ocrx_word' id='word_1_303' title='bbox 778 3911 818 3963; x_wconf 70' lang='lat'><strong>28.</strong></span> 
     </span>
     <span class='ocr_line' id='line_1_36' title="bbox 229 3997 435 4067; baseline -0.024 -14"><span class='ocrx_word' id='word_1_304' title='bbox 229 4002 268 4067; x_wconf 61' lang='grc' dir='ltr'><strong>(Ξ)</strong></span> <span class='ocrx_word' id='word_1_305' title='bbox 280 4000 358 4052; x_wconf 85' lang='lat' dir='ltr'><strong>Zuct.</strong></span> <span class='ocrx_word' id='word_1_306' title='bbox 370 3999 399 4061; x_wconf 82' lang='lat' dir='ltr'><strong>x,</strong></span> <span class='ocrx_word' id='word_1_307' title='bbox 412 3997 435 4049; x_wconf 86' lang='grc'><strong>6.</strong></span> 
     </span>
    </p>
   </div>
   <div class='ocr_carea' id='block_1_4' title="bbox 0 0 1605 4958">
    <p class='ocr_par' dir='ltr' id='par_1_7' title="bbox 0 0 1605 4958">
     <span class='ocr_line' id='line_1_37' title="bbox 0 0 1605 4958; baseline 0 0"><span class='ocrx_word' id='word_1_308' title='bbox 0 0 1605 4958; x_wconf 95' lang='lat' dir='ltr'><strong> </strong></span> 
     </span>
    </p>
   </div>
  </div>
 </body>
</html>
