3166 4958
384 345 460 390 rans
476 348 511 391 ιι.
530 347 623 390 carm
636 344 671 390 n.
689 345 907 389 corruscatio
922 346 948 389 s.
964 346 1070 391 nasu.
1229 325 1292 391 227

164 446 277 507 exitum
294 441 338 507 ad
354 465 466 509 omnes
481 446 662 532 Apostolos,
681 466 819 531 quorum
836 445 939 509 statim
959 447 1155 513 mentionem
1173 449 1294 512 fecerat

163 546 315 627 Irenaeus,
339 546 425 612 hune
448 547 596 612 efformet
619 568 771 612 sensum:
791 547 967 632 «Apostoli
993 550 1136 615 exierunt
1159 550 1191 613 in
1214 548 1293 612 fines

164 656 258 715 terrae
274 648 539 732 evangelizantes.
561 648 738 731 Mattheus,
756 669 856 734 quum
870 646 977 714 adhuc
997 661 1078 715 esset
1093 651 1126 715 in
1146 650 1293 723 Hebraeis,

166 768 223 815 seu
236 751 269 813 in
283 748 406 833 Judaea,
425 760 456 815 et
468 760 641 837 antequam
660 752 704 814 illi
721 752 855 832 exirent,
870 749 969 816 edidit
981 753 1202 838 Evangelium.
1220 753 1295 816 Post

167 873 244 916 vero
259 851 369 917 borum
385 856 510 927 exitam,
527 852 559 918 id
585 862 642 935 est,
668 862 838 939 postquam
855 852 998 938 Apostoli
1021 876 1131 920 omnes
1152 857 1296 920 exierunt

167 956 202 1018 in
223 952 302 1018 fines
324 963 439 1037 terre,
464 957 630 1020 Marcus...
663 955 872 1040 Evangelium
902 956 1116 1042 conscriptum
1139 953 1293 1037 tradidit,

168 1066 232 1121 ele.
254 1083 270 1118 o
384 1076 387 1080 '

213 1160 245 1224 9.
274 1109 632 1323 ιὺιφυαζὸυῢεοτίρῐὶο,
661 1181 731 1245 quae
750 1162 865 1246 legitur
882 1159 924 1225 ad
944 1161 1041 1226 finem
1067 1164 1219 1227 versionis
1241 1146 1296 1246 syss
1311 1220 1321 1231 ,,
1421 1212 1431 1235 .

168 1263 275 1344 riecae,
291 1269 379 1325 notat
421 1308 429 1324 .
449 1261 592 1325 Marcum
607 1261 704 1326 latine
719 1264 891 1348 scripsisse,
908 1264 958 1327 cui
978 1264 1086 1329 favere
1099 1262 1227 1328 videtur
1242 1263 1297 1325 ille

168 1364 406 1431 circumstantia
423 1384 487 1449 qua
501 1386 560 1449 pro
577 1365 732 1429 Romanis
747 1364 918 1430 scribebat.
934 1364 1084 1431 Attamen
1101 1387 1214 1451 graece,
1232 1387 1297 1429 non

170 1474 277 1530 autem
290 1465 399 1548 latine,
416 1465 560 1528 Marcum
578 1466 738 1550 scripsisse
751 1476 838 1551 patet
858 1488 896 1531 ex
910 1465 1018 1532 indole
1032 1469 1126 1553 graeci
1143 1476 1245 1531 textus
1267 1475 1298 1530 et

171 1590 211 1632 cx
222 1566 401 1632 traditione.
420 1566 471 1631 Ad
489 1576 610 1631 textum
627 1566 715 1654 quod
727 1570 850 1652 attinet,
869 1568 1003 1635 sufficiat
1019 1567 1180 1636 adducere
1197 1590 1296 1632 unum

171 1672 366 1755 exemplum.
388 1670 536 1755 Legimus
547 1672 642 1734 Marc.
653 1656 732 1754 'V11,
753 1672 795 1735 25
813 1670 971 1737 :Mulier..
990 1675 1077 1758 eujus
1091 1672 1159 1757 lilio
1174 1671 1300 1735 babebat

169 1777 313 1860 spiritum
340 1775 542 1848 immundum,
570 1794 672 1859 graeee
699 1798 707 1839 s
730 1777 798 1862 ybm
825 1765 858 1850 ds
882 1762 957 1860 εἶχεν
983 1775 1014 1839 τὸ
1044 1775 1188 1864 θνχάτριον
1211 1773 1299 1848 αὐτῆς

170 1885 281 1961 πνεῦμα
298 1876 459 1965 ἀκαθάρτον
475 1877 585 1941 mulier
599 1880 686 1964 cujus
699 1879 769 1963 lilla
782 1882 859 1964 ejus,
877 1888 938 1944 etc.
964 1880 1055 1943 Patet
1080 1880 1178 1944 verba
1195 1899 1299 1964 greca

171 2003 238 2046 non
253 2002 321 2046 esse
339 1991 442 2046 textus
457 1982 546 2045 latini
563 1982 825 2064 translationem
846 2003 922 2046 nam
935 1981 1059 2046 abesset
1071 2003 1110 2046 eo
1128 2003 1204 2046 casu
1220 2002 1300 2065 par-

171 2085 270 2148 ticula
292 2080 389 2167 αὐτῆς,
407 2104 479 2169 quae
501 2104 566 2148 nou
583 2085 741 2169 reperitur
764 2086 797 2149 in
817 2093 904 2148 textu
927 2085 1026 2148 latino
1044 2105 1104 2148 nec
1127 2083 1301 2169 requiritur

171 2184 216 2250 ad
236 2184 378 2251 indolem
396 2188 511 2272 tingue
526 2186 654 2270 Graecoe,
673 2186 729 2252 sed
748 2206 878 2273 prorsus
897 2185 1017 2251 indicat
1033 2187 1137 2250 virum
1154 2184 1300 2250 Judaeum

172 2309 276 2374 graece
295 2274 514 2385 scribentem]

218 2391 271 2454 lb.
291 2387 381 2454 Idem
406 2389 567 2455 affirmant
593 2392 714 2474 Patres,
733 2391 788 2455 ubi
806 2389 917 2455 dicunt
936 2413 1047 2456 omnes
1071 2391 1299 2475 Evangelistas,

172 2500 306 2577 excepto
325 2494 484 2577 Matthaeo,
510 2514 612 2579 graece
632 2494 804 2578 scripsisse.
824 2492 981 2559 Audiatur
1003 2494 1197 2579 Augustinus
1221 2491 1268 2579 (l)
1291 2513 1299 2553 ι

175 2620 191 2653 «
207 2595 332 2660 Homm
348 2616 423 2662 sanc
440 2606 589 2682 quatuor,
607 2597 722 2683 inquit,
742 2597 827 2660 solus
849 2597 1014 2662 Mattheus
1031 2596 1160 2661 hebraeo
1179 2594 1302 2678 scripsit

100 2714 104 2719 ·
173 2698 316 2783 eloquio,
335 2699 430 2763 ceteri
448 2720 564 2785 graeco.
590 2726 605 2761 a
626 2701 666 2764 Et
682 2699 895 2784 Hieronymus
909 2700 981 2785 (ῆς
1002 2723 1017 2760 a
1041 2701 1086 2764 De
1109 2719 1192 2763 novo
1216 2717 1302 2761 nunc

173 2799 292 2885 loquor
306 2800 518 2886 Testamenta,
533 2800 622 2888 quod
633 2822 773 2887 grecum
786 2822 853 2865 esse
868 2823 933 2866 non
949 2800 1084 2866 dubium
1097 2810 1155 2883 est,
1170 2808 1302 2884 excepto

175 2902 329 2987 Apostolo
351 2905 510 2970 Matthaeo.
536 2931 550 2965 o
573 2905 639 2969 Nec
662 2904 767 2969 obstat
789 2905 933 2968 Marcum
956 2925 1015 2989 pro
1039 2904 1193 2969 Romanis
1220 2902 1302 2965 scri-

173 3006 285 3090 psissc;
303 3027 379 3071 nam
392 3017 424 3071 et
437 3008 470 3072 S.
488 3008 606 3073 Paulus
625 3004 668 3071 ad
684 3009 848 3072 Romanos
864 3027 967 3092 graece
983 3007 1117 3091 scripsit.
1395 3070 1400 3079 ,

220 3086 774 3214 11.[1ndotaaarrariontaS.Marci
789 3113 913 3195 ejusque
932 3110 972 3173 od
989 3108 1165 3173 Mottbaeum
1182 3106 1300 3170 relatio.
1375 3128 1388 3155 τ

112 3140 314 3372 Αψαιὶιηα
331 3213 411 3278 inest
428 3202 564 3278 affinitas
584 3214 667 3278 inter
683 3223 857 3298 utrumque
873 3213 971 3277 Marci
995 3222 1026 3276 et
1040 3211 1178 3276 Matthaei
1194 3211 1304 3274 Evan-
1341 3218 1345 3223 ’

176 3314 320 3399 gelium,
355 3315 443 3404 quod
473 3326 560 3382 recte
585 3317 705 3382 notavit
727 3304 761 3381 S.
792 3316 1010 3401 Augustinus,
1035 3336 1135 3402 quum
1160 3315 1304 3378 Marcum

178 3415 317 3480 Matthaei
329 3417 560 3484 abbreviatorem
576 3417 666 3484 dixit.
681 3419 805 3483 Etenim
822 3418 997 3483 conserenti
1009 3426 1182 3503 utrumque
1195 3417 1305 3481 Evan-

177 3518 298 3603 gelium
320 3520 524 3586 manifestum
548 3531 595 3586 est
618 3519 879 3690 Marcumqum
904 3520 1078 3642 scriheregb
1095 3521 1305 3605 Evangelium

176 3622 211 3685 S.
232 3624 369 3689 Matthaei
385 3636 459 3690 ante
476 3628 586 3691 oculos
601 3625 762 3695 habuisse.
812 3627 945 3690 atthaeus
967 3624 1097 3711 quidem
1113 3626 1206 3710 plura
1226 3643 1305 3686 nar-

176 3733 239 3807 rat,
254 3727 380 3792 Marcus
397 3737 504 3793 autem
516 3729 680 3814 pauciora,
695 3708 763 3810 sedt',
784 3729 809 3790 si
823 3728 930 3812 priora
947 3749 1001 3791 sex
1013 3728 1117 3811 capita
1134 3725 1256 3805 demas,
1271 3724 1305 3786 in

175 3827 296 3914 quibus
318 3831 463 3895 nonnihil
490 3833 586 3895 series
614 3831 803 3896 narrationis
825 3828 952 3913 difl'ert,
974 3830 1095 3915 ubique
1119 3827 1204 3892 idem
1224 3823 1304 3890 ordo

176 3933 372 4017 conspicitur
390 3944 458 3998 tum
470 3936 503 3998 in
518 3934 615 3998 rebus
628 3930 797 3998 narrandis
809 3942 878 3996 tum
896 3935 928 3996 in
940 3931 1141 3997 sermonibus
1157 3929 1304 3995 releren-

174 4030 239 4117 dis3
260 4036 338 4119 quin
356 4046 386 4100 et
413 4036 526 4122 saepius
555 4037 681 4101 Marcus
707 4037 740 4099 in
763 4056 821 4100 sua
842 4036 1023 4100 narratione
1046 4034 1146 4099 verba
1167 4030 1305 4096 blattlroei

147 4332 151 4345 ,
211 4284 250 4349 (tt
260 4284 296 4336 De
309 4298 425 4340 consen.
438 4286 503 4340 Eoo.
520 4284 541 4348 1,
556 4284 582 4338 2.

211 4365 250 4433 (Ξ)
259 4367 343 4432 Pecs.
353 4367 457 4421 tab'oo.
471 4368 507 4420 lte
518 4375 642 4433 praetenso
657 4367 734 4420 latino
745 4365 821 4418 stare
828 4366 988 4432 autographo
1002 4365 1052 4418 rid.
1067 4378 1143 4430 supra
1157 4377 1182 4429 p.
1196 4362 1253 4415 209.
