3168 4948
263 315 329 379 528
483 333 684 377 amnonncno
707 332 855 381 serenus
878 334 911 375 nr
933 334 960 378 s.
985 333 1185 376 scansurum.

307 437 361 499 ts.
384 435 491 516 Quum
510 432 667 496 deductus
690 426 802 496 fuisset
824 433 944 496 Paulus
968 433 1144 498 Caesaream
1168 430 1211 496 ad
1233 433 1399 516 Felicem,

262 537 382 607 Judaeae
394 537 575 624 praesidem,
590 535 692 601 ludaei
708 537 785 600 iIIuc
801 535 1001 601 advenerunt
1019 531 1155 600 Paulum
1174 548 1399 619 accussantes3
1502 527 1508 532 ’

266 642 502 705 accusationem
516 661 594 704 vcro
605 640 745 724 probare
760 642 985 725 nequiverunt.
1004 642 1159 704 Retentus
1171 650 1279 704 tamen
1293 641 1353 704 Init
1367 641 1399 705 in

204 757 208 763 ”
266 765 395 807 carcere
415 744 534 807 Paulus
551 735 616 828 ⁸per
638 742 829 824 biennium,
855 752 887 806 et
910 763 1011 827 quum
1036 741 1078 807 ad
1103 743 1243 807 tribunal
1268 743 1402 807 Caesaris

191 855 196 863 “
265 847 469 930 appellasset,
484 847 624 909 Romam
638 843 764 908 delatus
776 845 847 926 suit,
857 845 890 906 in
903 866 1001 930 quam
1014 845 1128 909 urbem
1141 856 1286 930 tempore
1300 867 1401 910 verne

266 946 407 1031 advenit,
425 949 510 1011 circa
534 968 655 1010 annum
672 967 742 1009 aerae
764 947 906 1031 vulgaris
923 948 976 1014 et.
991 949 1110 1012 Paulus
1127 951 1239 1012 Romae
1256 950 1402 1033 capIIvus

265 1050 441 1134 permansit
458 1047 584 1112 duobus
596 1049 689 1112 annis
706 1047 717 1133 (
742 1047 766 1132 )

310 1151 364 1214 te.
389 1151 531 1214 Durante
550 1151 707 1227 Romana¹
722 1149 784 1212 hac
807 1151 1003 1234 captivitate,
1029 1151 1159 1232 Paulus,
1182 1151 1257 1236 quia
1281 1172 1400 1236 magna

268 1252 327 1336 ipsi
347 1252 495 1337 quamvis
518 1252 644 1335 captivo
667 1251 797 1314 libertas
814 1252 1064 1334 concedebatur,
1083 1273 1147 1315 non
1163 1252 1266 1315 solum
1283 1251 1404 1316 ludaeis

269 1364 300 1417 et
315 1353 463 1438 gentibus
478 1352 576 1417 tidem
593 1355 805 1436 annuntiavit,
824 1354 880 1418 sed
900 1364 931 1419 et
947 1356 1057 1440 plures
1069 1354 1111 1418 ad
1129 1364 1277 1418 externas
1292 1357 1402 1419 eccle-

270 1459 331 1520 sias
344 1457 500 1541 Epistolas
516 1455 643 1519 direxit.
669 1455 747 1519 Silet
763 1456 895 1542 quidem
916 1457 957 1521 de
974 1459 1060 1524 hisce
1080 1459 1228 1542 Epistolis
1243 1460 1344 1522 Lucas
1367 1460 1402 1522 in

270 1560 355 1623 libro
377 1559 529 1640 hctuum,
546 1558 602 1622 sed
624 1559 772 1644 quaedam
792 1561 883 1624 Pauli
900 1563 1046 1646 Epistolae
1063 1570 1097 1625 'et
1118 1563 1295 1625 tesIImonia
1313 1584 1401 1626 tron-

271 1664 360 1725 nuIIa
375 1662 571 1746 antiquitatis
591 1684 648 1724 nos
665 1663 815 1726 certiores
831 1663 872 1727 dc
887 1664 950 1728 hac
968 1686 1004 1727 re
1020 1664 1152 1728 faciunt.
1174 1665 1285 1729 Romae
1304 1666 1402 1748 Igitur

270 1766 414 1848 capIIvus
437 1764 556 1827 Paulus
580 1765 723 1850 quinque
753 1766 877 1850 scripsit
909 1768 1065 1851 EpIstoIas
1092 1789 1100 1829 t
1125 1768 1166 1830 ed
1184 1767 1402 1851 Philippenses

268 1886 379 1948 urtam,
400 1886 499 1928 unam
517 1865 557 1927 ed
582 1864 782 1938 Colossenses‚
808 1867 905 1930 aliam
930 1869 970 1929 etl
989 1867 1148 1950 Ephesios.
1164 1868 1339 1951 Epistolam
1361 1869 1402 1930 erl

267 1969 419 2041 Hebraeos,
433 1967 573 2053 denique
587 1968 721 2031 brevem
739 1969 914 2053 Epistolam
932 1971 973 2032 ad
985 1969 1209 2033 Philemonem.

312 2073 365 2135 ΙΙ).
382 2074 408 2134 E
425 2093 554 2155 carcere
574 2071 727 2135 liberatus
741 2072 871 2154 Paulus,
893 2082 926 2136 ut
945 2095 984 2137 ex
1003 2074 1100 2137 variis
1115 2072 1242 2139 indicIIs
1259 2097 1316 2159 per
1332 2074 1404 2160 ejus

268 2175 426 2258 Epistolas
438 2175 554 2258 sparsis
566 2184 653 2238 recte
666 2175 774 2258 colligi
789 2174 927 2258 videtur,
943 2178 1083 2260 perrexit
1097 2177 1190 2261 juxta
1210 2198 1304 2241 suum
1319 2199 1402 2262 pro-

269 2278 408 2360 pesitum
421 2276 469 2362 (Ι)
485 2279 519 2340 in
531 2276 640 2340 Asiam
655 2279 822 2360 Minorem,
838 2277 893 2342 ubi
910 2281 1053 2343 novellas
1070 2280 1230 2362 ecelesias,
1251 2282 1401 2344 nomina-

269 2381 326 2441 tim
340 2380 569 2459 Colossensem,
585 2381 617 2442 in
631 2401 696 2465 qua
708 2380 877 2444 Philemon
889 2382 1088 2463 morabatur,
1098 2383 1281 2447 visitaverit.
1291 2382 1400 2463 Quum

271 2481 433 2564 Ephesum
446 2479 636 2561 advenisset,
648 2479 689 2545 de
701 2491 784 2545 statu
796 2482 893 2568 hujus
905 2484 1054 2548 Ecclesiae
1067 2485 1183 2548 certior
1195 2484 1349 2566 factuam
1362 2507 1401 2548 ea

271 2583 473 2645 Timotheum
492 2582 651 2646 constituit
669 2585 855 2669 episcopum
876 2587 937 2671 (5).
957 2588 1081 2651 ReIIcta
1101 2587 1217 2670 Ephesi
1240 2588 1272 2650 in
1289 2589 1404 2651 Maee-

271 2684 402 2748 doniam
427 2685 550 2749 venerit
572 2686 647 2771 (t),
672 2686 728 2750 ubi
752 2686 831 2751 dum
854 2689 1041 2755 morabatur
1063 2710 1081 2752 e
1103 2710 1139 2753 re
1161 2711 1229 2769 esse
1244 2689 1405 2774 judicavit

271 2786 403 2851 idoneas
425 2787 664 2853 adhortationes
683 2790 725 2853 ad
747 2792 949 2855 Timotheum
969 2791 1119 2877 dingere.
1143 2793 1226 2857 Hinc
1242 2796 1347 2877 prime
1362 2795 1406 2856 od

273 2890 461 2954 Timotheum
489 2891 651 2976 Epastolo,
679 2914 776 2977 quarn
806 2894 861 2958 alii
894 2903 968 2958 ante
993 2881 1208 2980 captivitatem
1232 2916 1404 2959 romanam

270 2995 420 3078 scriptam
444 3004 623 3059 autumant.
649 2998 675 3059 E
705 2996 892 3063 Macedoniae
927 2984 1046 3062 Paulus
1071 2998 1241 3082 'Ephesum
1271 2998 1406 3063 redierit

265 3095 358 3180 juxta
380 3099 579 3182 propositum
599 3101 633 3162 in
656 3101 797 3184 Epistola
822 3123 1007 3186 expressum
1032 3101 1093 3187 (5).
1116 3096 1211 3166 ¹Unde
1235 3100 1406 3166 discedens

270 3199 394 3262 transiit
423 3199 461 3262 in'
477 3199 614 3265 ‘Cretam
639 3203 776 3265 insulam
800 3203 909 3289 ibique
933 3225 1007 3268 eum
1032 3205 1138 3269 Iructu
1162 3204 1346 3290 praedicavit
1372 3215 1406 3269 et

272 3302 459 3385 episcopum
481 3305 644 3367 constituit
663 3306 779 3387 Titum,
804 3305 846 3370 ad
871 3328 969 3392 quem
989 3310 1087 3391 paulo
1100 3318 1179 3393 post
1203 3329 1221 3370 e
1244 3309 1406 3393 Nicopoli,

272 3412 307 3466 ut
325 3405 474 3468 asseritur
489 3406 521 3468 in
538 3408 690 3491 plurimis
702 3407 849 3473 codicum
866 3410 1165 3494 subscriptionibus,
1183 3411 1306 3496 scripsit
1321 3413 1409 3497 Epi-

272 3503 381 3568 stolona
404 3507 444 3569 acl
460 3509 573 3582 Titum,
594 3530 693 3594 quam
717 3509 901 3576 detulerunt
916 3513 1001 3578 Zena
1017 3522 1048 3576 et
1066 3513 1195 3597 Apollo.
1212 3515 1300 3577 Inea
1323 3515 1408 3598 Epi·
1466 3592 1470 3598 .

272 3609 351 3671 stola
365 3609 436 3694 (III,
451 3610 506 3694 12)
519 3613 629 3676 invitat
642 3613 813 3697 Apostolus
825 3616 929 3680 Titum
942 3615 1029 3679 utad
1043 3637 1078 3680 se
1089 3616 1269 3701 Nicopolim
1282 3615 1405 3699 veniat,

270 3710 326 3774 uhi
339 3712 457 3777 Paulus
470 3715 612 3779 hicmare
626 3726 788 3781 statuerat.
805 3719 939 3783 Peracto
952 3719 1083 3783 tandem
1097 3720 1153 3782 illo
1165 3718 1198 3781 in
1214 3719 1407 3803 hispaniam

270 3813 382 3877 iIIncre
395 3815 482 3899 quod
494 3816 690 3902 jamdudum
704 3821 736 3883 in
750 3821 830 3884 votis
846 3819 1000 3905 habebat,
1014 3821 1134 3885 Paulus
1149 3822 1287 3885 Romam
1300 3822 1406 3906 capti-

304 4017 339 4081 ΙΙ)
352 4017 411 4068 Aet.
424 4017 498 4078 xxv,
510 4017 617 4069 XXVIII.

305 4099 341 4162 (2)
356 4099 462 4151 Phihm.
475 4098 517 4148 22.
902 4115 903 4118 ’

306 4180 342 4241 (5)
354 4181 367 4231 I
380 4181 444 4231 Tim,
458 4180 498 4240 tv,
513 4181 553 4242 143
566 4180 672 4243 Euseb.,
684 4180 751 4232 Ibat.
764 4181 824 4235 recl.
841 4181 884 4244 III,
899 4184 927 4234 Ι.

309 4263 344 4327 (Ι)
356 4263 369 4312 Ι
383 4263 445 4312 Tine.
465 4261 506 4321 ΙΙΙ,
524 4263 564 4312 ΙΙ.

309 4347 342 4409 e)
359 4347 370 4395 r
388 4345 450 4395 ram.
469 4345 510 4407 tv,
526 4346 565 4397 ta.
