3142 4964
562 200 717 376 rw
779 268 802 310 u‘
822 244 1029 374 tasdsffl'dd'ead
1114 272 1116 279 ’

470 335 545 376 raas
578 363 585 376 .
621 335 697 376 arur
730 335 796 377 ,nn
810 335 1033 378 raurarsuca.
1272 311 1314 374 to

180 409 307 498 babent
322 433 543 498 membrorum
559 443 751 498 structuram
768 436 819 498 vel
835 436 971 498 similem
989 434 1077 497 initio
1099 432 1314 516 conceptionis

179 539 311 618 foetum,
329 547 364 600 nt
378 546 451 600 sunt
468 505 583 621 pilosi,
600 538 727 619 simius,
742 538 856 620 homo,
876 548 906 601 et
921 539 1099 622 generatim
1112 536 1221 600 munia
1236 534 1312 597 ani-

179 641 284 703 malia
296 641 445 703 mammis
458 637 603 724 praedita,
615 662 654 703 ex
665 641 760 704 unica
772 650 804 703 et
816 639 930 705 eadem
940 641 1037 741 stirpe
1050 660 1134 702 senc
1148 637 1311 722 cqmmuni

179 744 293 827 aliquo
307 751 532 827 protoparente
549 743 679 806 animali
700 741 851 807 oriundas
872 763 939 807 esse
952 765 972 806 a
996 762 1099 826 eoque
1112 741 1228 805 salsam
1244 760 1312 802 esse
1376 784 1378 787 ψ

178 847 401 915 narrationem
416 845 590 909 mosaicam
605 843 822 908 deereatione
839 846 934 929 primi
951 834 1122 933 bominis}

228 949 281 1009 72.
300 914 469 1053 Resplblii
485 948 544 1009 viri
560 967 670 1009 rerum
682 948 877 1010 naturalium
893 947 985 1031 periti
1004 943 1119 1008 validis
1134 963 1311 1028 argumen-

82 1058 86 1074 '
176 1053 220 1114 tis
242 1050 412 1114 ostendunt
435 1060 624 1135 praetensam
643 1051 733 1112 illam
752 1059 873 1113 naturoe
894 1050 998 1133 legem
1017 1048 1142 1112 nonnisi
1165 1046 1312 1131 fingentis

177 1155 302 1238 ingenii
315 1154 426 1217 foetum
441 1175 520 1218 esse.
540 1152 717 1217 Ostendunt
733 1153 851 1238 quippe
869 1154 973 1217 varias
988 1153 1175 1216 animalium
1192 1151 1312 1235 species

178 1279 249 1319 non
273 1259 413 1320 converti
436 1267 491 1319 aut
514 1257 648 1319 transire
671 1258 704 1318 in
723 1257 814 1336 alias,
841 1254 897 1319 sed
917 1254 1079 1319 distinctas
1099 1274 1308 1339 permanere,

176 1361 339 1422 continuis
363 1359 620 1444 generationibus
638 1379 764 1422 servare
781 1379 872 1422 suam
888 1359 1054 1442 propriam
1066 1355 1219 1436 indolem,
1237 1376 1310 1419 suas

74 1531 79 1539 ,
175 1464 371 1546 peculiares,
390 1462 505 1546 quibus
528 1460 774 1545 distinguuntur,
800 1462 1021 1545 proprietates,
1046 1461 1187 1542 talesque
1211 1456 1309 1522 hodie

174 1565 314 1649 reperiri
335 1564 461 1647 quales,
485 1583 518 1625 v.
544 1583 575 1647 g.
600 1562 783 1625 Aristoteles
803 1582 857 1625 eas
880 1583 937 1625 suo
960 1571 1104 1645 tempore
1126 1537 1319 1659 descripsit]

100 1730 103 1735 .
174 1668 323 1731 Probant
339 1675 406 1730 tum
426 1688 465 1729 ex
482 1665 647 1750 speciebus
664 1662 771 1727 adbuc
789 1665 967 1728 viventibus
989 1673 1058 1726 tum
1078 1684 1117 1725 ex
1140 1661 1305 1747 speciebus

174 1770 340 1834 fossilibus
364 1770 489 1832 nullum
512 1766 583 1831 dari
615 1769 797 1851 exemplum
822 1788 887 1851 quo
910 1765 1063 1830 affirmari
1087 1766 1183 1849 possit
1206 1785 1305 1828 unam

174 1873 367 1935 animalium
392 1872 530 1954 speciem
563 1891 600 1932 ex
624 1870 724 1932 altera
745 1878 848 1932 ortam
872 1890 966 1949 esse,
1003 1866 1141 1953 probant
1175 1868 1305 1952 insuper

172 1977 343 2039 hominem
359 1985 426 2037 tam
443 1975 566 2038 ratione
586 1973 747 2036 lormae-et
767 1971 979 2056 dispositionis
996 1972 1216 2035 membrorum
1233 1961 1306 2035 cor*
1345 2048 1346 2053 ἵ

91 2140 94 2147 ,
173 2080 265 2162 poris
281 2099 378 2162 quam
391 2078 581 2140 facultatum
600 2075 861 2139 intellectualium
880 2084 911 2138 et
927 2075 1098 2137 moralium
1115 2075 1159 2136 ita
1174 2095 1192 2135 a
1209 2074 1306 2136 simiis

171 2179 318 2260 differre,
337 2191 383 2261 ut,
401 2179 494 2264 juxta
510 2182 578 2263 ipsa
589 2180 849 2242 Darwinistarum
877 2177 1044 2262 principia,
1069 2175 1244 2261 rejicienda
1266 2177 1306 2240 sit

171 2289 332 2364 praetensa
345 2282 429 2344 illius
442 2303 460 2343 a
473 2281 638 2343 simiorum
650 2281 748 2363 stirpe
761 2281 866 2363 orig03
888 2277 1035 2363 adeoque
1051 2279 1187 2363 gratante
1207 2299 1303 2362 pror-

172 2405 229 2446 sus
244 2384 340 2446 asseri
361 2384 536 2446 animalem
550 2383 687 2446 hominis
700 2373 879 2466 originem(
904 2381 927 2465 ).

220 2485 272 2548 75.
295 2484 367 2568 otj.
384 2486 428 2547 5⁰.
446 2486 484 2547 ln
501 2485 585 2548 libro
605 2483 763 2550 Genescos
776 2493 924 2547 narratur
940 2504 1051 2547 omnes
1068 2492 1225 2568 quotquot
1236 2491 1302 2546 ter-
1383 2507 1384 2510 ¹

170 2610 227 2651 ras
250 2589 393 2651 incolunt
417 2590 562 2652 homines
587 2587 629 2652 ab
661 2610 726 2652 uno
748 2597 973 2672 protoparente
995 2586 1122 2651 Adamo
1145 2587 1301 2670 originem

170 2690 306 2772 ducere,
331 2711 402 2774 quae
424 2692 555 2754 assertio
578 2689 697 2775 duplici
721 2690 910 2754 convellitur
932 2697 1133 2774 argumento.
1159 2689 1192 2750 1ο
1208 2687 1304 2751 Diffe-

168 2792 277 2854 rentia
297 2812 361 2876 qua
380 2791 537 2874 homines,
561 2789 669 2875 quoad
687 2791 854 2855 facultates
868 2791 983 2854 mentis
1001 2801 1032 2854 et
1051 2788 1142 2854 dotes
1160 2790 1303 2874 corporis

169 2892 355 2974 dissimiles,
368 2891 605 2977 distinguuntur
617 2894 650 2956 in
662 2892 764 2975 albos,
780 2883 895 2975 flavos,
907 2894 1026 2977 nigros,
1040 2902 1100 2955 otc.
1117 2891 1194 2973 Qua
1205 2890 1302 2955 diffe-

169 2996 277 3058 rentia
292 2996 374 3058 inter
392 2996 463 3058 illos
480 3005 567 3059 tanta
591 3006 725 3079 apparet
745 3005 780 3058 ut
802 2994 969 3068 latendum
993 2996 1031 3058 sit
1053 2996 1210 3075 homines,
1235 3004 1302 3058 tam

169 3100 257 3161 inter
268 3119 301 3160 se
313 3096 492 3180 dissimiles,
508 3120 545 3161 ex
560 3118 624 3163 una
636 3098 734 3182 stirpe
750 3100 919 3182 provenire
936 3120 1000 3162 non
1017 3119 1119 3182 posse.
1141 3099 1173 3160 2⁰
1190 3097 1301 3160 Multi-

168 3197 283 3263 tudine
307 3200 501 3284 linguarum,
527 3221 624 3283 quae,
651 3218 724 3263 cum
749 3201 895 3284 proprias
918 3199 1123 3286 diversasque
1146 3220 1240 3264 voces
1262 3221 1301 3263 ac

167 3298 428 3386 grammaticales
451 3302 572 3365 formas
595 3323 796 3387 unaquaeque
820 3302 970 3385 habeant,
997 3324 1035 3366 ex
1059 3324 1122 3366 una
1146 3305 1299 3386 primaeva

166 3405 279 3487 lingua
297 3405 466 3497 provenire
483 3425 548 3467 non
566 3413 707 3488 possunt.

215 3506 268 3568 74.
287 3507 376 3590 Resp.
399 3508 439 3569 od
458 3508 511 3570 1¹¹¹.
531 3508 651 3571 Eorum
670 3509 777 3591 opinio
799 3509 853 3593 qui
874 3509 1083 3592 multiplicem
1102 3507 1298 3595 distinguunt

160 3594 339 3672 'hominum
348 3611 500 3693 speciem,
518 3611 664 3694 quamvis
676 3611 846 3674 nonnullos
859 3610 965 3675 adbuc
981 3612 1120 3675 inveniat
1133 3622 1296 3696 patronos,

17 3770 23 3791 ,
112 3737 113 3740 ¹
165 3710 266 3775 hodie
278 3721 385 3775 tamen
402 3734 420 3775 a
438 3714 599 3798 plerisque
611 3733 720 3776 rerum
738 3715 932 3777 naturalium
948 3715 1055 3798 peritis
1073 3713 1226 3799 rejicitur.
1245 3715 1299 3777 Isti

166 3815 256 3876 enim
278 3808 338 3876 viri
358 3812 497 3897 probant
518 3813 689 3879 discrimen
710 3825 848 3898 staturae,
864 3815 978 3880 coloris
995 3826 1051 3879 aut
1068 3817 1163 3879 etiam
1187 3816 1300 3880 forme

17 3910 19 3933 '
128 3904 132 3910 ¹
166 3917 294 4000 capitis,
318 3916 529 4000 repetendum
549 3939 616 3981 esse
637 3940 676 3982 ex
694 3918 815 3983 influxu
835 3920 929 4002 aeris,
954 3919 1079 3999 caloris,
1099 3919 1237 4003 frigoris,
1261 3940 1299 3983 ex

164 4020 349 4083 diversitate
366 4020 545 4103 regionum,
566 4040 605 4084 ex
621 4021 699 4084 cibis
717 4032 798 4085 etex
816 4023 884 4085 aliis
898 4022 1161 4103 circumstantiis;
1180 4022 1296 4106 speciei

198 4296 235 4358 (t)
246 4297 302 4347 vid.
315 4298 443 4357 Lecomte,
458 4301 489 4350 La
499 4299 676 4350 Dorwinisme
687 4307 709 4349 et
719 4302 835 4367 t'oriqine
850 4305 880 4352 dc
890 4280 1006 4352 t'tiommc
1016 4306 1041 4353 in
1057 4292 1138 4353 Recito
1153 4303 1295 4366 cuttottqua

162 4380 195 4428 de
205 4380 322 4430 Lonouta
338 4393 380 4431 an.
394 4382 540 4432 1871-18702.

304 100 336 169 .'
497 57 596 145 mccii
749 11 1054 205 st‘*¹¹‘⁴m
1070 19 1206 171 Ml&
1242 55 1281 159 ,Μ
1296 34 1337 107 11
1359 58 1378 153 ¹„
1407 46 1515 172 ‘'tnb

86 46 427 407 adbel
752 156 873 269 “d
1051 153 1335 305 ‘aar
1364 128 1553 316 111

17 374 18 377 ,
197 380 234 417 «a
330 398 334 413 ι

1422 1000 1430 1029 Ι

1402 1254 1461 1365 a
