3132 4964
264 260 330 325 'lla
493 277 693 321 mrnonucrro
709 275 855 318 srucunrs
871 276 903 317 1r
919 276 1164 325 sscnrrruaan.

267 378 322 442 ubi
345 378 439 462 igitur
461 396 512 441 res
535 377 642 462 aliqua
668 375 771 438 evenit
791 381 822 436 et
849 393 907 458 pcr
933 395 1004 438 cam
1033 377 1200 460 prophetia
1224 378 1393 463 impletur,

261 483 329 567 hoc
348 481 480 547 fortasse
501 502 577 544 casu
592 477 706 543 accidit
722 477 770 541 acl
791 478 976 541 naturaliter
991 478 1050 542 luit
1065 482 1255 565 praerisum3
1276 481 1395 553 adim-

267 585 364 669 pletio
388 585 482 668 igitur
497 605 555 647 nos
577 580 618 646 de
633 581 801 667 prophetia
819 590 920 645 certos
935 580 1071 646 reddere
1088 586 1212 669 nequit,
1230 584 1393 672 siquidem

267 689 423 751 incertum
442 707 568 771 semper
587 694 634 749 est
649 705 756 748 annon
781 704 857 747 casu
879 700 930 747 r'es
955 686 1106 764 evenerit,
1129 696 1184 750 aut
1203 688 1396 752 naturaliter

268 788 363 853 luerit
384 790 529 874 praevisa.
547 788 617 851 Hoc
638 786 838 850 ratiocinium
862 785 937 850 huic
959 786 1169 871 aequipollet:
1196 786 1263 851 fieri
1288 797 1397 873 potest

267 902 302 956 ut
318 914 446 977 aspersa
469 902 590 955 temere
612 891 774 975 pigmenta
794 889 826 952 in
847 888 957 972 tabula
977 890 1041 952 oris
1059 890 1252 956 lineamenta
1272 892 1394 977 depin-'

268 1004 344 1080 gant
356 1018 366 1078 3
382 1015 474 1079 ergo,
490 991 619 1079 quando
632 993 843 1076 conspicimus
856 992 1017 1076 egregiam
1031 993 1205 1077 Raphaclis
1218 994 1391 1079 picturam,

266 1097 379 1160 incerti
398 1115 507 1158 sumus
523 1115 631 1157 annon
649 1094 782 1157 fortasse
805 1093 862 1156 ista
885 1093 1007 1177 pictura
1031 1111 1051 1156 a
1075 1095 1237 1159 coloribus
1259 1117 1333 1160 casu
1356 1097 1391 1159 in

268 1199 410 1283 tabulam
426 1195 645 1281 decidentibus
668 1195 834 1260 efformata
854 1196 903 1259 sit.
925 1195 1019 1277 Quod
1037 1217 1134 1282 quam
1152 1196 1328 1262 absurdum
1351 1199 1393 1261 sit
1470 1208 1473 1214 ’

263 1323 362 1365 ,nemo
375 1323 440 1365 non
453 1299 538 1365 videt
549 1300 609 1385 (l)
624 1300 757 1381 Pariter,
774 1300 830 1361 etsi
843 1299 923 1362 ratio
936 1299 1078 1362 humana
1091 1299 1199 1384 aliqua
1215 1299 1393 1385 praevidere

262 1407 377 1489 possit,
403 1401 577 1468 absurdum
598 1402 680 1466 loret
703 1400 817 1466 exinde
838 1399 998 1465 deducere
1018 1402 1126 1465 omnia
1147 1423 1217 1488 quoe
1240 1404 1394 1484 eveniunt

269 1507 455 1570 naturaliter
470 1506 567 1571 fuisse
581 1505 726 1589 praevisa.
745 1505 870 1566 Etenim
886 1505 911 1566 si
930 1503 1090 1588 praedictio
1107 1504 1146 1568 sit
1161 1503 1201 1567 de
1218 1506 1389 1588 miraculo,

230 1669 237 1678 ,
268 1612 320 1673 vel
335 1609 375 1691 de
390 1632 425 1672 re
439 1607 534 1673 valde
546 1617 680 1683 remota,
698 1609 748 1671 vel
765 1606 805 1670 dc
821 1629 856 1671 re
873 1608 968 1670 etiam
986 1609 1129 1692 proxima
1143 1607 1183 1672 ad
1202 1630 1299 1694 quam
1312 1631 1390 1694 pro-

266 1711 450 1777 ducendam
468 1713 576 1797 plures
592 1731 693 1775 causae
711 1709 819 1774 liberae
838 1720 869 1774 et
887 1709 980 1774 valde
997 1708 1163 1795 disjunctae
1182 1720 1391 1798 concurrunt,

270 1816 471 1879 manifestum
489 1825 535 1878 est
547 1813 806 1897 adimpletionem
824 1813 997 1898 prophetia
1011 1835 1075 1878 non
1091 1814 1186 1881 fuisse
1203 1814 1392 1878 naturaliter

269 1919 447 2002 praevisam.
474 1917 527 1981 Sic
549 1926 637 2001 patet
659 1917 857 2001 omniaque
880 1924 1020 2000 spectant
1041 1917 1187 1980 Messiam
1210 1938 1275 1980 non
1292 1917 1391 1981 luisse

267 2021 454 2085 naturaliter
470 2042 489 2083 a
503 2020 670 2104 Prophetis
686 2020 831 2104 praevisa.
849 2018 1050 2082 Manifestum
1065 2021 1184 2104 pariter
1201 2029 1247 2084 est
1265 2021 1389 2084 Danieli

265 2122 410 2186 laturam
429 2121 660 2186 successionem
679 2141 851 2206 regnorum
872 2142 935 2184 non
953 2121 1049 2185 luisse
1065 2123 1251 2187 naturaliter
1275 2124 1389 2208 cogni-

268 2232 346 2289 tam.
365 2224 434 2286 Imo
451 2221 521 2286 fieri
537 2231 639 2307 potest
656 2231 691 2284 ut
710 2243 760 2285 res
779 2221 820 2284 sit
836 2222 967 2285 omnino
986 2223 1131 2306 proxima
1147 2232 1179 2286 et
1193 2224 1389 2307 verisimilis,

266 2325 325 2389 sed
335 2347 409 2389 cum
421 2325 537 2389 talibus
547 2324 737 2409 depingatur
750 2325 1002 2407 circumstantiis,
1012 2334 1047 2388 nt
1059 2325 1254 2410 impossibile
1265 2327 1304 2390 sit
1315 2346 1389 2389 eam

270 2430 456 2492 naturaliter
470 2427 628 2512 praescire.
649 2427 711 2509 Sic,
732 2447 832 2512 quum
849 2448 906 2490 rex
923 2428 1018 2512 Syriae
1033 2427 1211 2491 Samariam
1229 2428 1392 2493 obsessam
1438 2420 1447 2433 ⁵

269 2539 402 2611 teneret,
421 2539 452 2593 et
468 2529 576 2593 civitas
597 2529 683 2592 fame
700 2539 910 2613 premeretur,
927 2530 1055 2594 Elisaeus
1072 2529 1217 2616 predixit
1232 2531 1392 2596 obsessio-

270 2651 344 2696 nem
368 2630 410 2694 ah
432 2629 514 2694 urhe
530 2627 772 2693 removendam,
795 2630 828 2692 Si
846 2630 909 2694 hoc
930 2638 1054 2695 tantum
1077 2629 1216 2716 dixisset,
1240 2635 1394 2717 potuisset

271 2737 341 2821 quis
372 2736 456 2798 hano
478 2732 716 2819 praedictionem
735 2754 822 2796 mere
851 2735 1030 2799 naturalem
1059 2735 1204 2820 habere,
1224 2735 1281 2800 sed
1303 2735 1396 2801 addit

270 2837 453 2921 Propheta:
477 2838 510 2898 tia
532 2847 663 2919 tempora
682 2834 736 2899 ltoc
759 2857 825 2899 cras
847 2836 965 2900 modias
988 2835 1096 2901 simile
1117 2859 1177 2900 aaa
1199 2849 1309 2902 statere
1325 2842 1395 2912 crit,

271 2952 298 3003 et
321 2941 379 3005 duo
401 2940 496 3004 modii
518 2938 623 3003 hordei
646 2950 765 3012 statere,
789 2941 821 3000 ia
842 2950 932 3023 porta
955 2940 1113 3003 Samarioe.
1136 2941 1307 3005 Dubitante
1324 2963 1394 3006 uno

264 3065 310 3106 ,cx
327 3041 474 3124 ducibus,
496 3040 623 3127 subjicit
641 3064 648 3102 ε
668 3041 778 3104 videbis
795 3040 886 3104 oculis
904 3043 962 3106 tais
978 3053 1006 3104 et
1022 3043 1091 3105 inde
1105 3063 1167 3106 noa
1182 3044 1314 3108 comedes
1330 3042 1390 3130 (2)

272 3145 349 3225 Quae
372 3143 539 3228 prophetia
558 3141 753 3207 adamussim
774 3142 904 3225 impleta
928 3142 997 3206 fuit.
1025 3142 1102 3222 Quis
1126 3152 1233 3206 autem
1252 3163 1393 3208 asserere

272 3244 405 3310 auderet
416 3246 485 3308 haec
497 3245 683 3309 naturaliter
697 3265 770 3307 cum
783 3244 912 3307 minutis
926 3253 956 3307 et
969 3245 1173 3328 inexpectatis
1183 3246 1250 3310 illis
1261 3247 1393 3310 circum·
1480 3292 1485 3298 -

268 3348 392 3418 ,stantiis
403 3347 541 3430 praesciri
552 3343 916 3430 potuissetlldimpletio
929 3347 1024 3430 igitur
1035 3346 1210 3431 prophetia
1222 3350 1394 3414 certissime

273 3446 512 3511 demonstrabat
523 3444 641 3509 ludaeis
655 3469 696 3510 an
714 3449 784 3532 quis
803 3457 883 3512 esset
898 3469 992 3511 verus
1007 3449 1179 3533 Propheta.

318 3550 371 3613 ta.
401 3548 476 3632 Sed,
508 3549 649 3635 inquies,
684 3549 754 3614 finis
776 3551 1018 3636 prophetiarum
1041 3551 1181 3615 Christus
1205 3563 1268 3636 est,
1298 3576 1396 3640 quem

273 3673 384 3743 omnes
405 3652 583 3735 Prophetae,
602 3650 658 3716 diu
681 3663 853 3739 antequam
874 3652 1050 3736 adveniret,
1072 3656 1311 3721 annuntiarunt.
1333 3658 1397 3739 Qui

272 3764 379 3821 autem
396 3753 562 3838 Prophetis
581 3756 676 3818 coaevi
695 3757 824 3819 fuerunt
842 3757 956 3820 harum
970 3756 1215 3841 prophetiarum
1234 3758 1397 3845 adimple,-

268 4004 271 4009 >
304 3970 338 4033 (l)
356 3970 479 4033 Adsperss
497 3976 594 4021 temere
611 3973 739 4035 pigmenta
755 3972 781 4021 in
795 3973 879 4023 tabula
900 3973 952 4022 oris
971 3973 1122 4023 lineamenta
1142 3973 1259 4037 effingere
1277 3984 1394 4037 possunt.

269 4050 336 4099 llum
349 4051 423 4100 etiam
437 4052 541 4100 Veneris
550 4051 606 4102 Coae
616 4052 828 4115 pulchritudinem
838 4053 921 4117 effingi
935 4066 1007 4116 posse
1017 4053 1178 4114 adspersione
1186 4053 1289 4104 fortuita
1303 4056 1396 4117 putas?

273 4132 322 4182 Sus
332 4139 412 4181 rostro
423 4133 443 4181 si
459 4133 529 4182 humi
544 4133 654 4183 litteram
668 4135 688 4184 l
703 4135 869 4197 impresserit,
882 4149 944 4185 num
956 4141 1088 4199 propterea
1098 4136 1220 4199 suspicari
1232 4139 1326 4201 poteris
1339 4139 1396 4189 hn-

267 4213 428 4269 dromachsm
440 4213 513 4262 Ennii
523 4215 594 4265 abeo
605 4229 677 4278 posse
692 4217 819 4267 describi?
834 4218 953 4281 reicere,
971 4218 1004 4268 De
1013 4218 1130 4269 Dictaei.
1140 4218 1159 4282 l,
1174 4219 1212 4269 lt.

306 4293 341 4356 (ἰ)
352 4295 392 4347 lV
402 4295 462 4361 Ray.
476 4296 584 4347 u-vltt.
