3168 4948
338 295 414 338 PARS
429 294 465 338 11.
485 295 580 338 CAPUT
593 297 623 339 V.
638 294 678 338 DE
691 297 923 348 uuaruunnsem
936 299 961 341 8.
978 296 1067 343 rhum
1078 301 1238 346 srtsrouls.
1292 280 1356 349 557

228 391 306 478 quid
326 392 367 457 ad
390 394 593 458 Timotheum
606 392 699 477 duas,
717 403 749 458 ut
765 416 863 459 unam
883 394 925 459 ad
945 397 1062 482 Titum,
1081 397 1123 463 de
1142 402 1355 468 ecclesiastico

228 504 311 560 statu
327 496 531 581 compositas,
545 498 751 562 recusaverit.
768 495 961 582 Adfectavit,
980 501 1106 585 opinor,
1124 505 1220 568 etiam
1237 526 1355 571 nume-

227 620 301 663 rum
313 600 519 685 epistolarum
532 601 736 686 interpolare.
756 627 771 663 n
786 602 975 667 Montanista
984 604 1056 690 jam
1073 607 1175 671 iactus
1186 610 1355 675 Tertullia-

229 724 288 766 nus
313 703 457 768 recitavit
475 702 537 767 sub
559 705 688 768 numine
703 704 860 769 Barnabae
883 706 916 770 in
940 706 1023 771 libro
1046 708 1083 772 dc
1103 711 1259 775 Pudicitia
1280 713 1353 797 XX,

227 805 326 871 verba
339 827 380 870 ex
397 808 500 892 Epist.
515 807 554 870 od
568 807 718 872 Habesos.

271 909 325 973 15.
340 907 585 994 Antiquissimus
606 908 844 994 scripturarum
860 932 998 976 canona
1019 914 1191 979 Muratoriu
1209 926 1355 1000 repertus

227 1021 395 1077 enumerat
417 1011 570 1077 tredecim
595 1011 686 1076 Pauli
709 1014 865 1098 Epistulas
887 1015 950 1078 huc
972 1014 1113 1080 ordine:
1138 1018 1228 1081 Pauli
1253 1019 1284 1081 1·
1311 1018 1353 1083 ad

226 1116 417 1199 Corinthios,
434 1113 478 1179 ad
501 1115 655 1200 Ephesios
676 1136 753 1197 una,
778 1112 821 1179 ad
840 1115 1060 1202 Philippenses
1077 1140 1153 1202 una,
1175 1118 1215 1184 ad
1240 1121 1354 1186 Colos-

228 1240 333 1282 senses
362 1239 438 1299 una,
465 1215 507 1281 ad
530 1216 658 1282 Galatas
679 1239 757 1300 una,
782 1217 825 1281 ad
848 1218 1142 1285 Thessalonicenses
1165 1223 1285 1307 prima,
1312 1222 1353 1287 ad

227 1325 392 1387 Romanus
411 1341 488 1403 una,
506 1319 738 1385 adCurinthios
761 1320 914 1404 secunda,
931 1320 973 1385 ad
990 1323 1284 1389 Thessalonicenses
1299 1347 1353 1389 sc-

228 1422 346 1507 cunda,
371 1422 414 1488 ad
437 1424 658 1489 Philemonem
681 1445 758 1506 una,
783 1446 848 1490 una
871 1423 913 1488 ad
935 1426 1058 1510 Titum,
1083 1426 1155 1491 dua
1178 1425 1220 1492 ad
1243 1430 1354 1493 Timo·

229 1529 338 1592 theum
351 1525 411 1613 (l).
430 1525 592 1589 Omittitur
608 1526 747 1610 Epistola
769 1526 810 1589 ud
831 1522 984 1603 Hebraeos,
1005 1549 1103 1613 quam
1126 1531 1223 1594 ctiam
1240 1533 1355 1596 omittit

228 1630 332 1713 Caius,
351 1627 505 1694 tredecim
517 1627 683 1692 dumtaxat
696 1628 797 1693 Paulo
808 1630 964 1714 Epistulas
976 1629 1142 1696 sindicans
1157 1634 1189 1697 in
1207 1632 1354 1719 disputa-

227 1736 313 1798 tione
325 1743 436 1798 contra
445 1732 602 1808 Proclum
614 1733 674 1817 (2).
689 1733 769 1795 Eam
780 1753 856 1796 vero
870 1734 983 1818 sapius
995 1733 1056 1798 sub
1068 1737 1199 1801 numine
1211 1735 1354 1822 Apostoli

228 1838 346 1921 allegat
358 1836 390 1899 S.
410 1835 517 1899 Melito
531 1835 563 1897 in
581 1833 679 1899 Cluui.
693 1834 840 1900 Clemens
857 1835 1091 1901 Alexandrinus
1109 1839 1354 1924 quatuordeeim

228 1941 318 2003 Pauli
331 1939 486 2024 Epistulas
502 1935 677 2001 identidem
698 1958 756 2022 pro
772 1939 1007 2022 opportunitate
1023 1940 1141 2025 allegat
1156 1950 1188 2004 ct
1201 1940 1354 2026 Apostolo

229 2042 380 2108 adscribit
398 2036 571 2127 Epistulam
588 2043 628 2104 ud
639 2041 781 2105 Hebraeus
793 2041 853 2125 (5).

273 2148 325 2210 16.
350 2146 384 2209 S.
409 2145 596 2209 Philastrius
616 2143 715 2230 (Har.
750 2143 806 2227 88)
829 2146 861 2207 in
883 2165 941 2209 suo
971 2144 1207 2231 scripturarum
1232 2171 1355 2215 canone

228 2249 340 2332 recipit
353 2246 507 2311 tredecim
526 2246 618 2310 Pauli
633 2246 801 2330 Epistulas,
821 2245 875 2312 sed
898 2255 1028 2313 testatur
1046 2248 1145 2333 (Haer.
1160 2250 1214 2334 89)
1232 2250 1304 2316 idco
1320 2274 1353 2317 sc

230 2351 272 2416 ab
286 2352 349 2415 huc
363 2371 497 2413 numero
510 2350 686 2433 seposuisse
698 2348 873 2432 Epistulam
888 2350 928 2413 ud
941 2349 1093 2424 Hebraeus,
1111 2353 1185 2437 quia
1207 2355 1353 2417 nonnulli

229 2474 301 2518 cam
317 2452 499 2517 tribuebant
512 2450 680 2534 Bernaba,
698 2450 853 2515 Clementi
870 2453 1017 2516 Romano
1040 2465 1097 2516 aut
1107 2456 1215 2519 Lucae.
1235 2455 1354 2521 Asserit

227 2578 324 2642 porro
336 2555 511 2642 Epistulam
525 2555 565 2617 cd
575 2555 716 2642 Hebraeos
729 2554 890 2619 interdum
905 2555 936 2618 in
957 2557 1098 2620 ecclesiis
1110 2558 1227 2622 lectam
1243 2561 1350 2624 fuisse.

271 2661 325 2723 17.
340 2658 493 2743 Origenes
507 2678 571 2721 non
592 2658 696 2720 solum
716 2655 960 2743 quatuordecim
978 2659 1133 2744 Epistulas
1145 2662 1235 2724 Pauli
1248 2668 1353 2747 dgnu-

227 2765 283 2846 vit,
298 2762 353 2827 scd
367 2783 421 2826 eas
438 2770 592 2845 tanquam
613 2760 784 2844 Scriptura
799 2781 896 2824 sacra
909 2769 1033 2845 partem
1052 2763 1275 2847 interpretatus
1293 2776 1351 2849 est,

229 2888 299 2953 quae
322 2864 540 2950 interpretatio
561 2864 696 2948 integra,
721 2885 780 2948 pro
803 2864 944 2949 Epistola
967 2862 1009 2927 ad
1033 2866 1207 2948 Romanus,
1229 2866 1271 2931 ad
1295 2889 1353 2933 nus

227 2967 383 3054 pervenit.
408 2964 678 3049 Interpretationis
698 2966 835 3048 aliarum
852 2966 1078 3050 Epistularum,
1099 2967 1195 3031 ctiam
1211 2969 1296 3032 illius
1312 2973 1354 3034 ud

227 3069 368 3157 Hebraeos
387 3067 532 3154 quaedam
548 3067 729 3151 fragmenta
742 3066 783 3131 ad
797 3089 854 3131 nos
870 3078 1096 3153 pervenerunt.

271 3178 324 3240 18.
341 3174 397 3238 llis
412 3171 626 3237 necessarium
643 3180 767 3236 nonest
783 3170 902 3235 addere
925 3171 1109 3254 Eusebium,
1128 3172 1350 3260 Athanasium,

228 3279 416 3365 Gregorium
440 3275 683 3357 Nazianzenum,
708 3273 858 3359 Cyrillum
884 3274 1216 3361 Hierosolymitanum,
1234 3278 1352 3344 Hiero·

227 3403 371 3468 nymum,
396 3380 665 3464 Chrysustomum,
692 3376 904 3462 Augustinum
929 3386 960 3440 et
982 3398 1092 3442 omnes
1115 3368 1352 3464 seripturarum

229 3505 367 3550 canones
390 3481 490 3545 editos
514 3481 547 3543 in
570 3479 717 3544 Conciliis
752 3480 974 3564 Hipponensi,
1012 3480 1251 3568 Carthaginensi
1281 3495 1353 3549 eta

228 3590 299 3652 aa.
317 3583 522 3669 Pontificibus
535 3581 720 3646 Innocentio
735 3583 750 3643 l
765 3604 803 3646 ac
826 3582 964 3660 Gelasio,
986 3585 1040 3668 qui
1061 3606 1172 3650 omnes
1188 3598 1354 3652 recensent

230 3687 472 3776 quatuordecim
497 3686 588 3748 Pauli
611 3686 778 3769 Epistulas.
805 3685 883 3765 Quae
907 3684 948 3748 de
970 3687 1110 3770 Epistola
1134 3687 1175 3751 ad
1201 3689 1354 3753 Hebraeus

228 3801 397 3858 murentur
412 3787 612 3853 difficultates
625 3786 867 3871 explicabimus,
886 3786 941 3850 ubi
955 3785 995 3850 de
1013 3808 1048 3851 ea
1064 3789 1227 3871 speciatim
1250 3811 1353 3873 agen-

227 3896 306 3960 dum
318 3893 410 3959 nobis
422 3893 492 3956 erit.
507 3890 580 3952 dam
593 3898 699 3953 autem
718 3887 961 3975 quatuordecim
978 3889 1044 3951 istae
1058 3890 1204 3973 Epistulae
1220 3892 1252 3954 in
1266 3893 1353 3955 anti·

262 4141 296 4204 (ll
314 4136 413 4190 Putrol.
427 4135 473 4187 tut.
493 4135 534 4199 lll,
553 4136 609 4188 170.

261 4220 295 4286 (1)
305 4222 352 4283 hp.
369 4220 462 4269 Euseh.
480 4217 547 4268 tlfst.
563 4218 631 4269 Eccl.
647 4216 687 4278 Vl,
703 4217 744 4268 10.
908 4262 912 4269 .

263 4304 295 4368 [5)
306 4303 368 4355 Vide
383 4301 450 4353 seria
465 4301 520 4363 eius
537 4300 680 4354 testimonla
694 4301 760 4365 apud
773 4301 911 4363 llircholer,
922 4303 938 4352 Ι.
955 4315 978 4354 c.
993 4307 1056 4355 sect.
1070 4302 1101 4353 ll.
