3134 4934
245 282 313 352 ‘390
464 291 665 356 inruonuorro
687 313 835 357 senciens
856 315 889 356 m
912 315 938 358 s.
963 313 1164 357 schirrunsu.

605 509 660 574 IV.
686 511 733 572 De
755 510 845 573 lesda
867 510 1017 596 Epistola.

295 729 325 815 ¹:
347 728 569 812 Arpumenttrm
600 726 756 790 brevioris
778 725 874 812 hujus
903 725 1050 811 Epistol'ae
1071 728 1219 792 convenit
1243 749 1317 792 cum
1341 728 1380 790 iis

251 852 323 917 quae
335 831 372 894 Β.
391 831 503 893 Petrus
518 828 627 894 scribit
643 830 675 892 iu
692 829 832 893 sccunda
850 831 1001 914 Epistola,
1021 831 1196 915 prasertim
1213 853 1284 916 cap.
1302 833 1332 894 ΙΙ
1349 840 1382 894 et

251 935 339 998 initio
363 934 457 997 tertii.
480 934 632 997 Hortatur
663 932 832 1018 Apostolus
853 932 963 996 fideles
987 943 1023 997 ut
1045 934 1128 997 lirmi
1151 935 1184 997 in
1207 933 1270 997 fide
1288 945 1324 1002 ¹ct
1347 934 1379 996 in

198 1091 202 1119 ·,
251 1035 343 1099 bonis
356 1036 506 1120 oporibus
519 1045 728 1121 permaneant
741 1035 893 1100 adversus
905 1038 1032 1122 impios,
1046 1038 1158 1123 quales
1170 1046 1261 1101 erant
1273 1037 1379 1101 Simo·

252 1140 350 1222 niani,
365 1139 420 1224 qui
434 1139 592 1203 Christum
611 1138 772 1224 negabant
789 1148 819 1202 et
837 1141 1017 1224 turpissima
1030 1127 1276 1225 perpetrabant,
1300 1160 1380 1226 quos

251 1242 336 1305 Deus
352 1243 385 1305 in
400 1240 522 1327 judicio
543 1243 664 1328 puniet,
686 1251 721 1306 ut
731 1241 803 1328 jam
824 1242 969 1328 praedixit
988 1243 1134 1307 Henoch.

295 1346 326 1408 2.
357 1346 487 1430 Tempus
511 1357 538 1408 et
562 1344 654 1410 locus.
681 1345 783 1408 Estius
807 1353 896 1429 putat
929 1366 1004 1410 cnm
1038 1345 1237 1410 OEcumenio
1260 1343 1380 1408 ludam

252 1447 413 1532 scripsisse
436 1457 507 1532 post
531 1457 666 1511 mortem
691 1449 828 1512 aliorum
852 1446 1097 1532 Apostolorum,
1123 1449 1249 1513 vivente
1273 1445 1381 1512 adhuc

251 1552 387 1636 loanne,
423 1573 523 1638 quum
539 1552 611 1638 jam
631 1552 807 1615 Simoniani
831 1551 932 1616 libere
955 1573 1029 1617 suas
1051 1551 1262 1637 turpitudines
1285 1572 1381 1614 exer-

252 1640 396 1718 serent(

296 1758 329 1820 5.
355 1757 469 1822 Artetor
491 1771 581 1843 atque
603 1762 777 1827 auctoritas.
802 1760 945 1843 Auctor,
981 1763 1026 1823 ut‘
1045 1760 1192 1845 Epistolae
1219 1758 1381 1842 inscriptio

253 1853 362 1943 hahet,
379 1871 424 1924 est
439 1862 637 1935 accessesit
654 1861 771 1926 ctrtsri
784 1884 897 1935 servus,
916 1845 1015 1946 frater
1030 1873 1129 1924 atatem
1147 1860 1253 1925 sacnti
1262 1860 1383 1924 scilicet

254 1965 391 2027 raineris.
415 1963 487 2028 Alio
508 1964 636 2027 nomine
652 1963 791 2029 Lehhoerrs
811 1973 842 2028 ct
858 1965 954 2028 etiam
979 1964 1146 2028 Thoddoeus
1168 1972 1299 2027 vocatur
1319 1960 1380 2047 (l).

297 2055 502 2130 lsEusehius
521 2066 630 2131 scribit
650 2087 820 2151 paucoscx
836 2068 975 2153 antiquis
989 2065 1085 2153 hujus
1102 2065 1249 2151 Epistolae
1263 2065 1384 2128 memi-
1431 2155 1438 2160 .

254 2169 348 2251 nisse,
363 2169 439 2232 alibi
453 2190 524 2233 cam
537 2170 631 2234 libris
639 2172 836 2234 controversis
848 2177 1006 2251 accenset,
1023 2178 1053 2232 et
1064 2169 1128 2233 alio
1143 2170 1176 2232 in
1192 2170 1262 2231 loco
1279 2168 1383 2251 ipsam

254 2293 328 2336 cum
363 2273 434 2339 aliis
468 2274 591 2358 scriptis
626 2274 724 2337 sacris
750 2275 947 2337 ceretrooersis
971 2272 1141 2358 probatam
1164 2270 1272 2334 multis
1294 2278 1327 2333 et
1349 2271 1383 2332 in

254 2376 395 2440 ecclesiis
413 2376 529 2439 lectam
551 2384 684 2440 testatur
702 2376 762 2462 (ᾗ)
777 2375 817 2455 ,8.
838 2375 1050 2461 Hieronymus
1074 2375 1162 2438 istius
1178 2372 1384 2436 dubitationis

255 2500 385 2542 causam
412 2479 555 2564 aliquam
575 2478 696 2543 indicat
723 2479 774 2542 his
799 2478 936 2542 verbis:
964 2476 1114 2561 «ludas,
1137 2464 1236 2540 lratcr
1256 2474 1382 2558 Jacobi,

256 2584 390 2666 parvam
407 2582 551 2667 quidem,
566 2604 638 2668 quae
656 2581 698 2646 de
715 2590 836 2667 septem
853 2582 1024 2646 Catholicis
1042 2591 1098 2664 cst,
1113 2581 1288 2665 Epistolam
1303 2579 1384 2642 roli-

256 2683 335 2766 quit.
351 2683 389 2746 Et
404 2684 478 2768 quia
494 2683 535 2747 de
550 2685 634 2749 libro
647 2685 772 2768 Enoch,
790 2687 844 2771 qui
860 2709 876 2749 a
882 2687 1062 2771 pomyphus
1079 2694 1136 2767 est,
1152 2685 1185 2747 in
1199 2705 1235 2746 ea
1253 2683 1385 2746 assumit

255 2788 494 2870 testimonium,
532 2811 551 2852 a
574 2790 735 2876 plerisque
759 2791 923 2875 rejicitur3
948 2799 1055 2852 tamon
1079 2788 1300 2853 auctoritatem
1323 2807 1384 2849 se-

120 2941 125 2957 .
192 2948 195 2953 .
256 2899 369 2953 tustate
391 2888 462 2975 jam
481 2899 512 2953 et
535 2893 731 2956 usu'meruit
760 2902 790 2954 ct
810 2893 892 2955 inter
914 2891 1092 2976 Scripturas
1115 2910 1221 2954 sacras
1245 2908 1384 2972 compu-

255 3002 340 3057 tatur
371 2995 416 3059 5.

300 3097 331 3160 5.
351 2997 424 3160 lah
442 3101 557 3163 saeenlo
578 3101 607 3162 Π
623 3109 736 3164 auctor
753 3100 883 3164 canonis
900 3120 919 3162 a
935 3097 1108 3161 Muratorio
1126 3096 1243 3181 reperti
1257 3104 1289 3158 et
1303 3095 1385 3157 Tor·

256 3200 408 3264 tullianus
428 3202 601 3286 Epistolam
622 3204 762 3287 allegant
784 3211 816 3266 et
834 3200 926 3265 Judae
946 3201 1099 3286 Apostolo
1120 3200 1274 3262 tribuunt.
1295 3197 1385 3262 Con-

257 3301 367 3364 cinunt
386 3302 471 3386 apud
496 3303 623 3368 Graecos
642 3305 789 3368 Clemens
817 3301 1051 3367 Alexandrinus
1083 3310 1114 3365 et
1138 3300 1303 3385 Origenes,
1328 3299 1384 3383 qui
1463 3368 1471 3380 ο

256 3404 327 3466 ait:
357 3405 489 3470 «ludas
510 3409 635 3492 scripsit
654 3399 839 3492 Epistolam,
862 3427 1039 3492 pancorum
1060 3403 1191 3491 quidem
1221 3422 1383 3484 versuum,
1487 3462 1491 3465 ,

138 3560 145 3568 c
257 3505 387 3590 plenam
403 3529 476 3573 vcro
489 3508 672 3574 efficacibus
686 3509 819 3574 coelestis
833 3511 940 3594 gratiae
955 3509 1072 3574 verbis.
1091 3534 1105 3568 »
1120 3508 1182 3570 Pro
1197 3506 1281 3592 Syris
1294 3505 1386 3568 testi·

289 3747 325 3811 (i)
337 3746 388 3797 Cir.
403 3747 495 3798 liutet.
508 3747 540 3807 x,
553 3749 579 3812 53
595 3746 659 3807 iiiii,
675 3748 716 3803 55:
727 3747 811 3798 Marc.
824 3747 865 3808 lii,
880 3749 919 3808 i8;
932 3749 992 3799 Luc.
1004 3747 1045 3808 vi,
1059 3747 1099 3809 ro;
1111 3747 1169 3798 Aet.
1187 3747 1207 3809 l,
1220 3749 1258 3798 13.

290 3829 405 3895 (Misi.
421 3828 542 3890 Ecetlii,
558 3828 744 3892 suavus.
960 3855 976 3886 -,
1051 3878 1053 3882 ,

290 3914 325 3974 (5)
343 3918 376 3962 oe
392 3913 446 3965 Vir.
458 3912 497 3963 itt.
514 3913 531 3962 l
551 3912 656 3963 Etiamsi
672 3913 749 3963 ludas
764 3926 794 3963 er
807 3913 871 3963 libro
886 3913 980 3963 Enochi
995 3913 1140 3976 apocrypho
1155 3913 1250 3977 aliquid
1262 3913 1388 3979 recitare-

258 3996 301 4056 rit,
317 3996 409 4046 exinde
419 3996 556 4045 auctoritas
568 3996 648 4058 ipsius
660 3995 778 4059 Epistola
794 3994 935 4046 labefactari
947 3993 1046 4059 nequis
1065 4008 1123 4045 nam
1135 3995 1160 4044 in
1170 3995 1322 4059 apocryphis
1336 4007 1387 4045 non

257 4078 341 4128 onruia
359 4086 420 4128 sunt
437 4078 586 4141 apocrypha.
604 4078 692 4128 Potuit
716 4078 852 4141 Apostolus
878 4077 975 4140 Spiritu
1003 4076 1089 4127 divino
1111 4078 1253 4128 iliustratus
1275 4079 1387 4142 aliquam

256 4160 409 4210 senteutiam
427 4172 512 4210 veram
530 4173 561 4210 ex
578 4159 643 4210 libro
663 4159 805 4222 apocrypho
821 4159 988 4222 depromere3
1008 4158 1075 4209 sicut
1095 4159 1187 4209 Paulus
1204 4159 1340 4221 Apostolus
1355 4172 1387 4208 ex

258 4242 339 4303 poetis
354 4239 464 4303 profanis
474 4241 587 4306 quatiam
604 4239 719 4291 recitarit
731 4240 757 4291 in
773 4240 826 4291 suis
840 4239 967 4302 Epistolis.
983 4239 1050 4290 Fieri
1066 4240 1142 4290 ctiam
1154 4246 1236 4302 potest
1248 4245 1278 4291 ut
1287 4253 1319 4291 ex
1333 4246 1388 4290 tra·

184 4392 187 4397 Ι
257 4324 354 4374 ditione
367 4325 444 4374 ludas
457 4324 554 4374 nouerit
566 4337 624 4388 quae
634 4323 748 4386 protulit.
765 4322 827 4373 Vide
840 4321 939 4373 iistium
951 4321 983 4372 ad
995 4333 1060 4372 vers
1074 4321 1126 4372 liet
1141 4322 1180 4371 il.
