3166 4958
266 299 329 364 206
491 320 690 366 rurrorucnc
708 323 855 367 sororius
872 324 905 366 11«
921 324 947 369 s.
966 325 1165 371 scirorum.

706 562 872 646 CAPUT
900 567 952 645 ll.

589 866 627 908 ur
648 866 788 917 ρωποι)
810 865 986 910 eversurus
1009 846 1069 934 (1).

583 1108 609 1171 Ι.
634 1110 680 1171 De
699 1108 872 1194 Ecunpcliis
897 1112 929 1172 in
951 1131 1067 1194 penne.

310 1357 455 1463 oncis
477 1368 636 1455 Eounpelii
658 1370 850 1454 sipnificctio.
872 1370 1093 1455 Evangelium,
1113 1393 1215 1458 grace
1236 1373 1396 1464 eiursyehrou

268 1477 324 1562 (ab
347 1473 378 1537 εὐ
400 1475 507 1539 hurum
532 1480 562 1535 ct
583 1468 700 1559 apyrina
723 1471 889 1557 nuntium),
909 1472 1019 1537 honum
1037 1474 1231 1562 faustumque
1248 1484 1392 1546 nuntium

265 1580 393 1665 proprie
410 1574 565 1662 significat
585 1573 644 1660 (2).
665 1574 829 1659 Multiplici
847 1584 954 1650 autem
972 1597 1065 1641 sensu
1089 1579 1121 1641 in
1141 1578 1310 1665 scripturis
1328 1603 1394 1648 vox

265 1685 322 1746 ista
348 1681 493 1744 sumitur.
516 1678 549 1741 10
570 1677 665 1742 Notat
686 1676 796 1740 honum
817 1681 958 1741 nuntium
992 1678 1240 1746 reconciliationis
1259 1683 1394 1750 hominis

264 1807 331 1848 cum
343 1786 406 1847 Deo
416 1782 589 1868 partescum
604 1778 759 1845 Christum
767 1780 888 1863 (Motth.
903 1780 959 1863 IV,
975 1781 1028 1862 253
1040 1781 1095 1866 tx,
1110 1783 1164 1867 553
1176 1787 1269 1848 Marc.
1281 1787 1307 1869 1,
1320 1787 1390 1870 li).

265 1889 298 1950 10
315 1886 456 1949 Sumitur
479 1904 538 1967 pro
560 1882 697 1945 doctrino
719 1879 837 1946 Christi
856 1881 964 1965 (Marc.
988 1882 1073 1966 XVI,
1100 1885 1154 1952 15:
1173 1887 1243 1949 Act.
1265 1887 1334 1971 XV,
1355 1890 1390 1971 73

264 1991 352 2054 Rom.
367 1989 394 2071 1,
413 1987 467 2070 163
483 1988 502 2048 I
517 1984 589 2051 Cor.
606 1984 663 2066 lx,
690 1983 756 2067 18).
777 1984 810 2046 50
831 1983 993 2068 Significat
1013 1989 1228 2070 promissiones
1245 1989 1391 2055 honorum

263 2093 450 2176 futurorum,
468 2108 543 2173 quas
558 2090 688 2151 coritinet
702 2086 838 2149 doctriua
852 2084 969 2150 Christi
979 2086 1011 2171 (1
1026 2084 1097 2151 Cor.
1120 2088 1176 2171 lx,
1195 2090 1261 2174 25).
1277 2092 1310 2154 4⁰
1322 2092 1392 2155 De-

264 2195 368 2278 signat
389 2192 532 2255 doctrinar
561 2186 681 2253 Christi
707 2187 973 2271 pradicationem,
998 2207 1069 2273 quae
1091 2188 1277 2273 significatio
1301 2191 1391 2277 apud

264 2304 408 2359 sanctum
424 2293 568 2356 Paulum·
576 2281 832 2376 frequentissima
845 2298 891 2352 est
907 2311 914 2351 ε
932 2290 1020 2352 Rom.
1034 2290 1077 2373 Il,
1092 2291 1145 2373 163
1161 2292 1203 2375 X,
1218 2293 1304 2377 1631
1315 2293 1388 2360 Cor.

264 2398 320 2480 IV,
340 2395 392 2479 153
408 2403 469 2458 etc.
495 2393 527 2456 5⁰
544 2392 615 2458 Vox
635 2392 842 2475 Evangelium
862 2391 997 2454 sumitur
1013 2413 1072 2483 pro
1088 2390 1216 2458 historio
1232 2417 1293 2481 quo
1310 2419 1391 2460 nur-

155 2574 157 2578 *
264 2510 375 2562 rentur
391 2495 508 2562 Christi
529 2476 709 2567 incurnu'tio,
731 2463 884 2567 nutioshes,
901 2482 1087 2579 pradicatio,
1106 2496 1264 2573 miracula,
1286 2503 1391 2584 passio

265 2615 353 2688 utque
378 2581 662 2685 resurrecticiJHoc
682 2618 776 2661 sensu
792 2606 964 2682 usurpatur
985 2597 1072 2682 apud
1092 2602 1185 2664 Marc.
1209 2601 1235 2685 Ι,
1255 2604 1286 2686 1,
1305 2611 1335 2667 et
1354 2606 1390 2667 in
1503 2653 1509 2659 .

264 2704 362 2768 titulis
379 2700 637 2785 Evangeliorum3
653 2699 715 2763 hoc
729 2700 825 2763 ctiam
841 2720 935 2764 sensu
950 2721 1063 2764 vocem
1076 2701 1165 2766 illam
1180 2703 1234 2768 hic
1248 2706 1390 2790 usurpa-

265 2827 349 2887 mus,
363 2814 399 2869 ut
413 2805 452 2868 sit
464 2803 594 2867 historia
607 2804 764 2887 precipua
781 2801 899 2868 Christi
911 2803 992 2887 facto
1010 2814 1037 2867 et
1052 2804 1131 2868 dictu
1147 2807 1279 2892 reserens
1295 2817 1327 2871 ct
1345 2809 1390 2874 ab

264 2908 406 2972 Ecclesia
417 2903 595 2990 approbata
610 2912 764 2988 tanquam
781 2902 930 2968 divinitus
942 2905 1104 2989 inspirata.
1119 2905 1274 2972 Auctores
1291 2931 1390 2994 porro
1492 2960 1496 2964 a

264 3010 512 3094 Evangeliorum
525 3005 733 3092 Eunnpalistus
745 3007 909 3091 appellare
915 3005 1044 3092 jamdiu
1056 3009 1088 3071 iu
1103 3008 1244 3075 Ecclesia
1256 3011 1391 3077 invaluit

266 3110 473 3177 consuetudo.
493 3112 529 3174 ln
551 3132 634 3175 novo
650 3111 849 3174 Testamento
864 3111 1072 3195 Evangelislse
1084 3110 1234 3177 dicuntur
1248 3135 1313 3179 nou
1333 3117 1390 3202 qui

264 3216 428 3279 historiam
446 3212 662 3295 conscribunt,
681 3211 737 3277 sed
758 3214 813 3299 qui
833 3213 1042 3299 Evangelium
1066 3214 1240 3301 praedicant
1260 3140 1516 3303 (uptus

266 3316 323 3399 lv,
339 3317 391 3402 ll3
407 3318 442 3378 II
454 3317 533 3380 Tim.
548 3315 604 3399 lv,
619 3315 664 3401 5).
678 3316 755 3380 Jure
771 3324 877 3379 autem
890 3317 1003 3380 merito
1015 3316 1129 3382 Christi
1140 3318 1271 3384 historia
1283 3323 1391 3385 Erun-

266 3417 378 3502 pelium
390 3412 581 3501 appellatur,
603 3436 676 3480 cum
692 3418 742 3498 sit,
758 3425 794 3480 ut
809 3415 903 3481 docet
918 3416 1071 3502 Origenes
1083 3418 1142 3504 (3),
1161 3443 1175 3479 r
1191 3424 1392 3486 coacervatio

267 3519 452 3583 nuntiorum
473 3519 598 3583 utilium
619 3517 772 3602 credenti,
797 3528 828 3584 et
851 3522 1103 3586 emolumentum
1127 3521 1250 3606 offerat,
1270 3522 1392 3588 docens

302 3780 337 3848 (1)
352 3780 404 3831 Cir.
422 3780 552 3839 Patricius,
571 3779 606 3830 De
622 3779 782 3845 Ecunpeliis‚
800 3782 844 3834 lib.
865 3780 884 3830 1.
904 3781 1031 3846 Friburgi‚
1049 3781 1122 3844 issa
1133 3782 1286 3848 Reithmayr,
1300 3784 1392 3837 intro-

267 3867 336 3917 auct.
349 3877 385 3914 uu
398 3863 434 3916 N.
450 3863 478 3914 t.
493 3864 606 3913 treduite
614 3875 669 3927 par
680 3862 717 3912 lte
731 3863 857 3927 Valroger,
870 3870 889 3914 t.
903 3864 933 3925 11,
944 3871 1006 3916 sect.
1018 3863 1038 3915 l.
1051 3865 1131 3927 Paris,
1147 3865 1220 3925 issa
1238 3866 1285 3918 lo.
1301 3867 1390 3931 linies,

266 3947 372 4000 Einter't.
388 3946 417 3996 in
429 3946 470 3997 die
483 3944 591 4009 Schrift.
604 3945 630 3994 cl.
646 3944 682 3997 N.
695 3945 721 3996 t.
738 3944 806 3996 Part.
819 3945 838 4007 1,
857 3951 869 4004 s
888 3947 958 3998 tus.
974 3943 1091 4011 Frihurg.
1107 3945 1179 4006 tssn
1197 3947 1288 4010 (inire,
1303 3948 1392 4001 lutro-

267 4032 335 4080 euct.
349 4034 368 4079 t.
380 4027 421 4078 lv.
436 4033 498 4079 sect.
511 4027 536 4090 5;
548 4026 673 4089 Giintuer,
682 4025 783 4078 Introit.
795 4028 823 4077 in
832 4028 868 4082 N.
882 4029 909 4080 T.
922 4043 979 4093 pars
991 4027 1024 4090 ll,
1034 4036 1083 4081 ert.
1094 4027 1114 4090 1,
1130 4025 1145 4094 Β
1157 4030 1277 4082 itt-151.
1290 4030 1390 4097 Pragae,

269 4110 436 4255 lsspp)‚gcr}as
450 4191 526 4255 hrrJus
543 4191 610 4243 vocis
626 4190 819 4255 significationes
834 4193 902 4257 apud
916 4199 1032 4246 sonores
1047 4193 1162 4258 pmtsnos
1175 4193 1232 4245 ride
1249 4194 1276 4245 iu
1286 4194 1393 4249 Roberti

270 4272 390 4337 Stephani
405 4273 474 4325 Thes.
488 4273 683 4338 tinpuoeprcecoe
693 4273 761 4324 adh.
775 4289 801 4329 r.
813 4281 839 4326 et
851 4288 892 4339 ep.
909 4275 1024 4339 lluiooel,
1034 4277 1104 4342 prot.
1120 4276 1149 4327 in
1160 4275 1252 4329 Mutth.
1266 4278 1306 4329 11.

301 4351 337 4419 (5)
347 4352 450 4417 origen.
468 4354 537 4405 Tem.
548 4352 563 4404 I
572 4354 600 4404 in
611 4351 687 4415 loun.
700 4353 757 4413 5-9,
