3166 4958
391 343 465 385 reas
481 342 504 384 1.
519 342 612 383 canor
628 341 716 383 xxnr.
735 341 773 382 nn
786 340 960 383 enornnrns
974 341 1122 385 caninus.
1258 326 1321 389 175

192 444 278 527 nius,
293 441 404 524 Bleek,
419 442 540 522 Kirms,
555 440 732 525 Lengerhe,
747 436 868 522 Ewald,
885 439 949 503 alii.
964 438 1051 520 Quos
1064 440 1268 505 confutarunt
1280 465 1320 506 ex

191 546 378 611 acatholicis
403 541 612 625 Liiderwald,
637 540 897 626 Hengstenherg,
923 542 1126 623 Havernick,
1150 543 1320 627 Auberlin,

190 645 340 729 Zfindel,
366 645 486 728 Volck,
510 644 667 727 Delitsch,
694 644 790 727 Kei13
816 665 856 707 ex
878 643 1047 709 Catholicis
1069 654 1195 730 autem,
1220 647 1316 732 laha,

191 749 292 834 Hug,
315 748 464 814 lanssens
480 797 489 831 ,
514 747 784 829 llerhst-Welte,
808 746 943 830 Scholz,
968 747 1096 831 Glairc,
1123 747 1316 835 Haneherg,

191 850 335 932 Reusch,
355 849 481 931 Danko,
507 849 539 912 in
567 848 630 911 suis
653 846 943 912 Introductionibus
962 849 1021 933 (l).
1043 848 1084 912 Ut
1102 859 1210 914 autem
1233 859 1318 915 reete

193 953 326 1037 questio
337 953 483 1015 solvatur
499 949 729 1036 distinguendae
745 959 818 1014 sunt
837 951 870 1014 in
888 950 970 1014 libro
991 951 1130 1015 Danielis
1149 951 1219 1015 dnae
1239 975 1318 1039 par-

191 1063 240 1118 tes
261 1076 348 1118 :una
363 1054 622 1138 protocanonica,
640 1053 741 1116 altera
758 1051 1057 1117 denterocanonica.

209 1150 270 1257 (9.
285 1158 412 1220 Partem
426 1156 707 1241 protoeanonicam
719 1164 882 1219 auctorem
894 1153 1014 1218 habere
1027 1155 1204 1238 Danielem,
1218 1155 1317 1222 adeo·
1359 1188 1377 1283 )
1390 1164 1418 1270 8
1433 1157 1478 1245 ῥυ

192 1277 259 1342 que
280 1256 341 1321 lide
359 1255 489 1342 dignam
515 1266 545 1320 et
570 1256 712 1321 divinam
737 1278 803 1321 esse
828 1258 952 1322 invictis
968 1258 1163 1342 argumentis
1180 1256 1319 1323 demon-

191 1361 287 1423 strari
302 1368 415 1445 potest.
435 1360 559 1424 Etenim
574 1360 637 1424 hoe
655 1358 771 1424 diserte
789 1360 821 1423 in
839 1359 907 1444 ipso
928 1358 1139 1444 libro'saepius
1154 1350 1330 1441 asseritufil
1408 1371 1463 1401 s

118 1514 124 1520 .
191 1463 272 1547 Cap.
301 1462 378 1547 llll,
404 1463 420 1525 l
451 1485 459 1524 τ
484 1465 576 1526 Anno
596 1465 698 1548 primo
722 1462 882 1526 Baltassar
903 1465 983 1548 repis
1005 1461 1181 1548 Babylonis,
1207 1465 1318 1528 Daniel

191 1568 346 1653 samniam
370 1565 505 1638 vidit...,
531 1576 559 1628 et
588 1568 742 1629 samniam
765 1563 897 1629 scribens
919 1563 999 1628 brevi
1012 1553 1157 1629 'seratone
1179 1587 1316 1650 compre-

192 1667 299 1730 hendit
322 1692 332 1730 .·
354 1670 586 1753 summatimque
605 1670 828 1752 perstringens,
852 1669 896 1729 ait
920 1690 931 1730 :
957 1666 1121 1740 Videbam,
1149 1669 1180 1729 in
1203 1669 1317 1731 cisione

192 1778 256 1833 etc.
272 1769 348 1854 Cap.
369 1771 455 1853 Vlll,
476 1771 492 1833 l
513 1772 628 1861 :Anno
648 1773 733 1834 tertio
751 1773 839 1855 nepai
858 1769 1018 1835 Baltassor
1033 1772 1112 1855 repis
1131 1772 1204 1834 nisio
1217 1792 1316 1855 appa-

192 1875 258 1936 ruit
281 1873 367 1936 mihi.
393 1875 457 1958 Epo
482 1872 603 1947 Daniel,
615 1884 684 1958 post
699 1861 731 1936 id
753 1873 834 1957 qnod
848 1874 983 1936 villeram
999 1875 1033 1935 in
1051 1875 1215 1957 principio,
1241 1873 1314 1947 uidi,
1396 1871 1398 1874 ’

192 1982 255 2039 eto.
274 1973 387 2059 Acap.
401 1973 460 2041 VII
475 1996 576 2061 usque
594 1972 636 2038 ad
655 1995 725 2059 cap.
746 1974 807 2037 XII
827 1974 939 2038 Daniel
957 1974 1106 2038 continuo
1124 1973 1265 2059 loquitur
1282 1974 1315 2037 in

191 2077 297 2161 prima
311 2076 458 2162 persona.
477 2077 585 2163 Capite
603 2085 709 2141 autem
725 2076 797 2159 XII,
817 2077 840 2139 t
854 2076 967 2140 Daniel
982 2082 1091 2140 rursus
1108 2075 1313 2139 nominatur:

196 2180 243 2242 Tu
271 2192 381 2253 antem,
409 2178 531 2253 Daniel,
554 2179 658 2243 claude
682 2199 832 2242 sermones
856 2188 885 2240 et
906 2180 995 2263 signa
1022 2177 1132 2241 libram
1161 2199 1254 2264 usqae
1275 2178 1316 2241 od

193 2291 309 2365 tempas
325 2291 481 2345 statatum.
502 2281 539 2344 ln
554 2267 667 2365 primis
677 2288 784 2343 autem
797 2299 852 2343 sex
874 2278 1030 2364 capitibus
1052 2280 1095 2343 ita
1119 2277 1314 2344 adamussim

191 2383 376 2447 referuntur
403 2404 514 2448 omnes
544 2382 786 2448 circumstantie
817 2402 926 2446 rerum
957 2391 1118 2467 gestarum
1150 2391 1182 2446 et
1211 2380 1314 2445 edicta

192 2503 306 2568 regum
322 2482 544 2548 chaldeorum
560 2492 656 2570 atque
675 2484 948 2568 interpretationes
973 2483 1125 2567 Danielis,
1151 2493 1187 2548 ut
1203 2492 1316 2548 auctor
1348 2517 1351 2523 Δ

194 2585 248 2668 qui
271 2584 339 2649 haec
354 2584 453 2648 relect
468 2604 576 2648 rerum
594 2585 678 2649 tostis
693 2584 790 2648 inisse
807 2583 953 2649 debuerit
962 2610 974 2669 ;
986 2585 1074 2672 quod
1091 2585 1174 2650 bene
1198 2586 1229 2649 in
1246 2586 1314 2650 Da-

196 2687 311 2750 nielem
327 2684 476 2772 quadrat,
493 2687 526 2750 in
538 2695 701 2751 auctorem
718 2685 874 2752 Antiocho
888 2689 1045 2774 Epiphani
1063 2709 1205 2753 coaevum
1219 2688 1315 2752 mini-

195 2808 257 2851 me.
282 2787 367 2869 Quin
385 2796 416 2851 et
439 2788 504 2873 ipsa
527 2788 663 2852 elocutio
679 2789 796 2872 partim
812 2787 976 2873 hebraica,
1000 2792 1116 2875 partim
1134 2788 1312 2873 chaldaica,

194 2899 358 2954 auctorem
369 2892 534 2976 utriusque
555 2891 670 2976 linguse
683 2910 830 2981 gnarum,
846 2891 947 2977 qualis
966 2901 1033 2955 erat
1046 2893 1169 2976 Daniel,
1184 2893 1312 2978 expetit.
1356 2870 1445 2979 (ῦῖ

159 3060 162 3089 4
208 2967 290 3103 (10.
310 2993 441 3056 Daniele
459 2991 567 3057 adhuc
588 2994 730 3076 vivente,
744 2991 825 3057 adeo
843 3002 987 3057 creverat
1003 2992 1072 3079 ejus
1088 2994 1174 3058 lama
1194 3003 1230 3058 ut
1246 2993 1315 3081 ejus
1389 2990 1436 3105 (ἐ

194 3117 317 3161 coaevus
333 3097 477 3160 Ezechiel
490 3096 538 3183 (n)
551 3096 817 3182 sapientissimum
829 3118 903 3160 eum
916 3095 1189 3182 justissimumque
1202 3094 1315 3160 decla·
1363 3142 1386 3153 ..-
1394 3118 1453 3178 7

192 3208 288 3264 reret.
304 3198 374 3263 Ho'e
389 3200 603 3263 testimonium
618 3199 789 3264 Ezechielis
804 3199 971 3285 Prophetes
983 3199 1130 3263 convenit
1143 3219 1216 3262 cum
1231 3197 1313 3263 libro

192 3301 344 3385 Danielis,
362 3302 395 3364 in
412 3323 476 3388 quo
491 3303 616 3366 elucent
628 3311 696 3365 tum
713 3301 781 3388 ejus
794 3303 947 3387 sapientia
962 3303 994 3365 in
1012 3299 1207 3386 explicandis
1225 3318 1315 3365 som-

193 3405 278 3488 niis,
302 3414 370 3467 tum
390 3403 511 3491 justitia
535 3405 567 3467 in
592 3403 758 3469 liberanda
788 3406 957 3469 innocente
985 3404 1130 3469 Susanna
1158 3413 1254 3490 atque
1282 3403 1315 3466 in

178 3554 180 3560 -
195 3506 398 3594 observanda
406 3509 476 3593 lege
486 3495 749 3612 Mosaioadl'ostea
760 3508 849 3572 fortis
858 3508 1058 3573 Machahaeus
1068 3507 1256 3572 Mathathias
1267 3508 1315 3595 (5)

195 3610 396 3695 perspicuam
420 3611 558 3675 Danielis
585 3611 779 3675 mentionem
803 3610 875 3675 filiis
901 3611 963 3675 suis
990 3610 1155 3695 ingerebat
1175 3610 1313 3674 dicens:

194 3701 351 3802 Ananias,
379 3710 510 3775 Azarias
537 3722 566 3774 et
596 3711 703 3776 Misael
728 3713 875 3775 credentes
897 3711 1016 3775 liberati
1037 3723 1109 3776 sant
1133 3712 1168 3774 de
1188 3711 1315 3796 [lamina

195 3816 289 3902 (Dan.
317 3816 375 3898 III,
398 3815 464 3898 50).
490 3814 603 3878 Daniel
624 3819 657 3878 in
681 3838 736 3880 sua
759 3815 948 3900 simplicitate
971 3806 1114 3879 liberatas
1139 3824 1184 3876 est
1205 3814 1241 3876 de
1264 3826 1316 3876 or‘e

196 3918 314 3982 leonum
330 3917 426 4004 (Dan.
442 3916 498 4000 Vl,
517 3914 582 4000 22).
599 3918 670 4002 lpse
685 3918 825 3982 Christus
837 3916 885 4003 (d)
898 3926 1056 3981 memorat
1071 3914 1314 3982 celeberrimam

228 4119 263 4180 (t)
274 4117 322 4181 Ap.
334 4118 427 4179 bento,
441 4117 539 4168 Hister.
553 4117 657 4168 emetat.
675 4117 704 4169 V.
726 4118 753 4169 Τ.
767 4131 792 4180 p.
804 4116 861 4169 ⁴89.
873 4116 978 4169 vindob.
996 4114 1070 4168 1862.

229 4198 263 4264 (Ξ)
275 4200 366 4252 Ezect.
379 4200 442 4261 xlv,
455 4198 537 4264 men
552 4197 659 4261 XXVDl,
673 4199 698 4260 5,

227 4281 263 4346 (5)
273 4282 286 4332 t
298 4281 383 4332 Maeli.
396 4281 426 4341 ll,
444 4281 484 4332 co.
760 4317 766 4329 .

114 4430 119 4441 Ι
229 4362 465 4430 altitonanti.
480 4363 519 4423 aa
535 4361 620 4416 Marc.
633 4361 695 4426 lllll,
709 4364 749 4416 lt.
