3166 4958
124 380 127 387 ‚
174 331 301 383 aaran.
315 331 409 373 curor
419 329 443 372 1.
456 329 495 371 nn
507 326 607 389 omo,
620 325 787 370 rnoraoar.
801 327 898 379 arona
910 328 1047 371 consecr.
1062 331 1142 375 nnn.
1157 333 1189 376 r.
1205 335 1234 376 r.
1244 313 1308 378 205

226 430 279 494 ll.
301 428 460 494 Audiatur
475 422 685 492 Tertullianus
701 426 761 512 (l),
782 424 933 490 adversus
954 429 1148 494 Marcionem
1165 432 1306 515 probans

59 576 62 581 -
208 555 271 597 van
293 534 391 598 elium
411 532 462 596 Ma
500 533 507 546 ‘
554 531 580 594 is
599 528 809 616 rejiciendum
826 550 864 595 eo
884 528 972 616 quod
991 551 1080 596 mera
1099 543 1179 597 essct
1197 535 1305 600 Evan-

178 656 222 721 ge
237 636 255 651 ’”
275 636 367 700 Lucae
384 635 576 719 corruptela.
595 657 609 692 a
626 634 663 697 In
681 654 818 716 summa,
838 634 951 719 inquit,
971 635 996 697 si
1014 644 1137 700 constat
1153 636 1185 701 id
1201 640 1305 703 verius

179 737 270 823 quod
283 738 382 822 prius,
397 735 430 800 id
444 737 532 822 prius
548 734 635 822 quod
651 735 694 800 ab
710 735 811 818 initio,
833 733 865 798 id
883 736 925 800 ab
940 738 1028 801 initio
1048 739 1135 824 quod
1150 739 1194 804 ab
1212 740 1305 827 Apo-

179 842 292 924 stolis;
317 841 437 927 pariter
459 840 570 926 utiquc
593 839 749 906 constabit
770 838 803 905 id
826 860 894 905 esse
917 840 960 905 ab
979 841 1138 926 Apostolis
1153 843 1305 910 traditum

180 942 271 1028 quod
286 942 373 1028 apud
388 944 536 1008 ecclcsiae
555 942 781 1029 Apostolorum
798 943 894 1006 fuerit
914 954 1161 1009 sacrosanctum.
1184 946 1306 1012 Videa-

179 1067 256 1110 mus
277 1046 364 1132 quod
389 1048 439 1111 lac
457 1067 475 1110 a
498 1046 598 1110 Paulo
622 1046 775 1111 Corinthii
790 1046 964 1130 hauserint3
983 1046 1025 1111 ad
1045 1069 1144 1134 quam
1159 1051 1305 1134 regulam

180 1148 301 1214 Galate
322 1151 384 1213 sint
403 1150 548 1233 correcti5
567 1147 644 1234 quid
667 1150 772 1234 legant
788 1149 1020 1235 Philippenses,
1042 1151 1306 1217 Thessalonicen-

181 1273 249 1332 ces,
268 1245 406 1336 Ephesii3
425 1249 503 1337 quid
527 1252 623 1315 ctiam
642 1252 780 1316 Romani
803 1249 843 1314 de
866 1253 1012 1337 proximo
1036 1261 1159 1337 sonent,
1190 1254 1305 1339 quibus

179 1356 392 1442 Evangelium
407 1364 438 1420 et
451 1356 563 1419 Petrus
578 1364 609 1420 et
626 1355 744 1419 Paulus
757 1358 911 1440 sanguine
926 1378 1056 1443 quoque
1071 1379 1128 1423 suo
1145 1358 1304 1444 signatarm

179 1436 392 1543 reliduerunt.
410 1458 577 1525 Habemus
595 1466 631 1523 ct
645 1459 776 1523 Joannis
793 1460 940 1523 alumnas
958 1461 1118 1525 ecclesias.
1136 1461 1229 1545 Nam,
1248 1464 1305 1527 etsi

179 1560 396 1647 Apocalypsin
410 1559 479 1647 ejus
494 1561 635 1627 Marcion
656 1561 787 1646 respuit,
808 1559 888 1639 ordo
900 1571 1007 1626 tamen
1023 1565 1246 1648 episcoporum
1264 1564 1305 1629 ad

179 1664 337 1747 originem
349 1684 498 1728 recensus
510 1663 543 1727 in
554 1663 712 1731 Joannem
724 1663 819 1728 stabit
830 1673 1006 1729 auctorem.
1018 1665 1069 1730 Sic
1082 1674 1113 1728 ct
1126 1676 1305 1732 ceterarum

180 1767 375 1851 generositas
386 1767 635 1851 recognoscitur.
651 1766 728 1832 Dico
744 1767 851 1854 itaque
865 1767 953 1852 apud
965 1769 1047 1851 illas,
1065 1790 1125 1834 nec
1140 1770 1223 1834 solas
1233 1769 1306 1855 jam

179 1869 383 1953 apostolicas,
408 1867 464 1934 sed
485 1867 571 1953 apud
595 1868 771 1951 universas,
792 1870 943 1954 quasillis
963 1868 1003 1933 de
1026 1872 1175 1937 societate
1194 1892 1305 1935 sacra-

180 1972 283 2035 menti
306 1970 576 2056 confederantur,
597 1969 630 2034 id
650 1972 861 2057 Evangelium
883 1973 976 2036 Lucae
994 1972 1037 2037 ab
1056 1972 1145 2039 initio
1161 1971 1306 2038 editionis

180 2095 248 2138 suar
270 2073 473 2161 stare,.quod
490 2096 563 2144 cum
585 2075 725 2139 maxime
752 2084 879 2143 tuemur
883 2123 948 2139 .....
981 2073 1103 2139 Eadem
1134 2078 1305 2141 auctoritas

180 2178 390 2245 eccledarum
400 2177 649 2263 apostolicarum
665 2177 778 2242 ceteris
792 2198 919 2264 qnoque
935 2178 1187 2263 patrocinabitur
1199 2180 1304 2244 Evam

180 2281 284 2368 galiis,
294 2303 365 2369 qua
376 2280 511 2368 proinde
523 2302 582 2367 per
593 2282 664 2346 illas
676 2291 708 2347 ct
719 2279 896 2347 secundum
909 2282 980 2347 illas
992 2280 1161 2365 habemus,
1175 2283 1306 2348 loannis

180 2383 256 2451 dico
280 2395 311 2449 et
335 2384 488 2466 matthat·
503 2385 577 2450 licet
600 2393 632 2449 et
651 2385 775 2449 Marcus
795 2383 882 2471 quod
899 2383 998 2451 edidit
1014 2384 1098 2451 Petri
1117 2383 1304 2470 affirmetur,

181 2486 275 2574 cujus
290 2488 446 2574 interpres
465 2489 590 2555 Marcus
608 2510 617 2552 ε
635 2508 711 2555 nam
731 2498 762 2553 et
778 2489 871 2555 Luce
889 2489 1053 2574 Digestum
1068 2489 1169 2564 Paulo
1183 2488 1306 2557 adscri-

66 2650 72 2657 .
181 2591 423 2659 herentem.»
1035 2606 1040 2613 '
1212 2588 1214 2593 ’

227 2693 279 2757 12.
303 2693 388 2775 Quia
409 2714 485 2759 vero
509 2713 701 2780 nequeumt
723 2700 866 2778 tempore
898 2691 1146 2778 neque·codem
1172 2694 1205 2757 in
1232 2693 1303 2758 loco

181 2795 299 2880 scripu
328 2797 402 2863 noui
423 2796 614 2863 Testamenti
637 2796 767 2861 luerunt
789 2795 896 2879 sdita3
922 2796 998 2881 quia
1021 2794 1182 2860 etiamad
1205 2816 1304 2860 uuam

180 2898 357 2967 ecclesiasta.
374 2899 487 2982 citius,
512 2897 556 2964 ad
578 2899 713 2965 alteram
734 2899 854 2981 serius,
879 2898 1009 2962 inerunt
1031 2896 1149 2979 delata,
1175 2899 1305 2983 contigit

179 3010 218 3067 nt
233 3002 266 3070 itr
277 3002 348 3069 'una
364 3004 503 3070 ecclesia.
516 3010 674 3068 constaret
690 2999 731 3067 dc
752 3000 861 3069 divina
881 2999 1018 3086 alicujus
1032 2998 1105 3067 libri
1121 3001 1254 3084 origine,
1270 3001 1303 3064 in

177 3104 282 3169 altera
297 3114 405 3172 autem
424 3102 534 3173 adhuc
553 3101 764 3170 dubitaretur.
790 3103 842 3169 stc
868 3101 922 3171 ab
936 3100 1096 3186 aliquibus
1122 3099 1302 3167 dubitatum

158 3191 227 3270 ¹cst
241 3205 282 3274 de
296 3208 437 3294 Epistola
457 3205 501 3273 ad
516 3206 680 3291 Hebraeos,
696 3205 737 3271 de
758 3206 900 3290 Epistola
914 3204 1039 3287 Jacobi,
1063 3203 1105 3269 de
1124 3204 1180 3268 illa
1196 3203 1299 3288 tude,

176 3307 220 3371 de
234 3307 377 3377 secunda
390 3309 487 3391 Petri,
506 3306 646 3375 secunda
661 3316 692 3372 et
711 3308 803 3375 tertia
819 3307 951 3373 Joannis
968 3328 1007 3372 ac
1022 3305 1063 3371 de
1080 3305 1150 3392 ejus
1171 3306 1303 3392 rlpocaf¹
1343 3382 1350 3387 ,

177 3411 257 3497 lypsi
270 3409 330 3496 (2).
345 3411 421 3476 Tale
439 3419 548 3476 autem
566 3407 702 3475 dubium
720 3409 799 3475 nihil
815 3408 985 3475 detrahere
1005 3416 1108 3496 potest
1123 3387 1303 3475 au‘c'lbritati

175 3512 295 3579 divine
311 3513 429 3579 horum
447 3511 616 3595 librorum,
634 3520 669 3576 ut
680 3510 780 3575 fusius
796 3510 880 3576 inira
896 3510 1096 3596 probabitur.

209 3730 246 3795 (ll
259 3731 369 3783 advers.
385 3731 516 3783 Marcion.
531 3729 572 3791 lv,
583 3731 608 3782 5.

208 3810 245 3875 (2)
260 3813 316 3864 vid.
333 3812 425 3867 Euseb.
444 3812 511 3865 Hirr.
531 3812 602 3865 Eccl.
617 3811 659 3876 Ill,
674 3811 717 3865 aa.
