3166 4958
293 374 368 417 raas
380 374 416 416 11.
432 373 525 416 carur
537 373 584 417 nr.
603 373 641 414 nu
655 371 780 415 omcmu
792 374 826 414 ur
844 372 1002 423 nncrornr.
1017 372 1060 415 1v.
1076 372 1205 416 evaneo.
1253 354 1314 417 255

183 474 271 560 gelio
294 464 425 548 loannis
447 474 589 556 protulit.
612 473 707 556 Ergo,
728 471 876 556 inquiunt
899 470 1086 555 adversarii,
1109 469 1188 535 illud
1204 473 1314 536 Evan-

184 579 309 663 gelium
330 574 474 639 nondum
492 574 646 658 exstabat,
665 575 808 659 alioquin
823 574 929 659 Papiae
945 574 1089 658 ignotum
1110 597 1174 639 non
1192 575 1312 639 luisset.

183 679 282 741 Falsa
300 676 473 740 conclusio.
491 674 645 739 Eusebius
667 675 746 738 nihil
765 697 803 738 ex
826 675 924 760 Papia
941 673 982 738 de
997 677 1169 761 Evangelio
1186 677 1316 742 loannis

183 781 332 866 protulit,
351 779 426 864 quia
438 779 553 862 Papias
566 777 688 843 nullam
702 778 898 863 peculiarem
910 775 1112 842 traditionem
1125 778 1166 843 de
1180 782 1313 866 origine,

186 893 281 947 aetate
303 893 358 946 aut
382 881 581 946 confectione
606 881 769 966 Evangelii
790 881 982 963 recitaverit,
1012 903 1077 946 non
1102 883 1177 967 quia
1202 883 1316 968 Papias

186 981 274 1048 istud
298 984 508 1068 Evangelium
524 983 727 1068 ignoraverit.
747 983 885 1065 Etenim,
907 1004 1008 1068 quum
1030 983 1184 1048 Eusebius
1207 986 1239 1048 in
1260 1007 1316 1049 sua

120 1128 124 1137 ·
187 1089 328 1151 Historia
345 1080 563 1151 Ecclesiastica
582 1086 630 1172 (l)
646 1084 847 1150 solummodo
865 1084 983 1151 indicet
999 1086 1131 1173 quinam
1148 1089 1317 1174 scriptores

187 1192 241 1255 usi
266 1192 326 1254 sint
349 1192 535 1255 auctoritate
559 1189 794 1274 scripturarum
817 1187 993 1274 dequibus
1019 1188 1254 1275 ambigebatur,
1277 1189 1318 1253 de

169 1288 282 1357 'tibris
302 1312 377 1356 vero
407 1295 550 1356 omnium
584 1312 739 1356 consensu
766 1293 902 1378 receptis
930 1314 968 1355 ea
989 1301 1111 1355 tantum
1140 1294 1318 1357 testimonia

188 1397 328 1476 recitet,
351 1415 422 1480 quae
449 1396 625 1479 peculiares
643 1393 684 1459 de
707 1415 818 1479 eorum
843 1394 1042 1459 coniectione
1066 1396 1317 1460 circumstantias

189 1498 355 1580 exhibent,
373 1520 411 1561 cx
424 1489 691 1563 silentio'Eusebii
708 1488 855 1563 concludi
873 1499 982 1584 nequit
1000 1499 1132 1584 Papiam
1145 1502 1317 1585 Evangelio

186 1602 324 1666 Joannis
341 1622 439 1682 ¹usum
460 1623 526 1665 non
552 1601 660 1664 inisse.
687 1602 768 1684 lmo,
787 1600 812 1664 si
841 1599 919 1664 fides
948 1610 995 1665 est
1018 1602 1154 1687 Prologo
1183 1602 1318 1690 alicujus

189 1703 313 1769 codicis
336 1705 424 1767 latini
453 1704 590 1767 vaticani
613 1704 687 1788 (cat.
714 1704 804 1767 Alex.
830 1724 863 1765 n.
894 1703 961 1787 ll),
992 1704 1046 1789 qui
1070 1706 1221 1790 prologus
1246 1716 1318 1770 ante

189 1807 425 1892 Hieronymum
450 1806 645 1891 conscriptus
673 1803 821 1886 videtur,
852 1804 966 1889 Papias
989 1805 1022 1867 iu
1045 1807 1107 1869 suis
1132 1808 1254 1891 scriptis
1279 1807 1319 1871 de

189 1908 367 1993 Evangelio
386 1908 518 1971 Joannis
534 1908 658 1971 locutus
676 1907 772 1971 luerit
790 1906 850 1992 (P).
1025 1906 1030 1915 “

239 2011 293 2075 ll.
307 2012 343 2075 S.
358 2013 511 2085 lustinus,
524 2011 691 2097 Polycarpi
703 2019 799 2096 atquc
812 2010 917 2094 Papiae
930 2030 1064 2091 coaevus,
1079 2032 1117 2074 ex
1129 2012 1319 2096 philosopho

189 2116 395 2197 christianus,
410 2124 580 2201 postquam
597 2113 822 2178 celeberrimas
839 2112 924 2176 orbis
944 2112 1103 2196 ecclesias,
1125 2113 1319 2178 Alexandri-

192 2238 284 2299 nam,
298 2217 565 2299 Palaestinensem,
576 2217 781 2302 Ephesinam,
796 2213 934 2298 adiisset,
947 2217 1085 2280 Romam
1098 2218 1183 2279 venit
1196 2217 1316 2302 ibique,

190 2322 281 2385 clrca
297 2341 418 2383 annum
434 2319 508 2401 150,
525 2319 714 2404 Imperatori
728 2319 889 2382 Antonino
908 2317 1040 2405 ejusque
1059 2318 1132 2382 filiis
1148 2329 1178 2383 et
1198 2323 1319 2383 senatui

191 2424 380 2510 populoque
397 2424 543 2487 Romano
559 2422 741 2508 Apolopiam
757 2444 816 2507 pro
836 2421 1020 2487 Christianis
1037 2423 1163 2506 obtulit,
1189 2422 1222 2486 in
1241 2445 1316 2509 qua,

192 2531 277 2594 sicut
294 2529 373 2592 etin
388 2529 517 2614 Diolopo
534 2550 631 2616 quem
652 2531 767 2616 Ephesi
792 2550 866 2594 cum
889 2527 1000 2594 Judaeo
1016 2531 1175 2615 Triphone
1195 2520 1318 2613 habuit,

192 2633 309 2718 saepius
331 2633 509 2717 Evangeliis
532 2633 642 2697 utitor.
667 2633 767 2697 Porro
792 2634 825 2696 iu
848 2634 935 2697 bisce
959 2633 1109 2718 operibns
1143 2633 1176 2697 S.
1203 2635 1321 2719 Martyr

132 2786 137 2794 .
194 2735 358 2819 praecipua
373 2734 511 2797 historiae
534 2735 723 2819 evangelice
747 2735 831 2800 facta
847 2735 976 2820 allegat,
996 2746 1026 2799 et
1043 2737 1086 2799 ita
1101 2757 1212 2800 eorum
1233 2737 1321 2799 veri-

193 2845 295 2901 tatem
311 2846 430 2901 certam
453 2837 551 2901 habet
568 2848 603 2901 ut
626 2837 695 2901 iere
720 2839 882 2919 continuo,
900 2839 1073 2923 praesertim
1091 2837 1146 2902 ubi
1165 2841 1229 2923 agit
1247 2859 1321 2903 cum

196 2940 371 3022 Triphone,
388 2939 502 3024 probet
517 2940 701 3025 prophetias
715 2941 829 3004 veteris
842 2941 1032 3004 Testamenti
1051 2961 1140 3004 snam
1161 2938 1322 3025 adimple·
1359 3026 1361 3029 ι

196 3044 318 3106 tionem
331 3042 451 3106 habere
468 3044 500 3106 in
516 3043 608 3107 factis
622 3052 653 3107 et
667 3042 758 3107 dictis
774 3045 807 3106 in
823 3042 995 3127 Evangelio
1014 3042 1162 3106 recitatis.
1184 3043 1242 3105 Tot
1258 3064 1321 3106 au-

197 3155 265 3208 tem
292 3165 330 3209 ac
355 3154 443 3209 tanta
466 3167 505 3209 ex
522 3146 701 3231 Evangeliis
731 3143 861 3209 adducit
890 3153 925 3207 ut
950 3145 1003 3208 vix
1031 3146 1114 3208 ullus
1143 3145 1181 3208 sit
1209 3144 1321 3210 Christi

196 3266 304 3310 sermo
322 3268 361 3310 ex
378 3267 442 3332 quo
458 3269 557 3311 unam
572 3249 746 3313 alteramve
762 3247 949 3311 sententiam
964 3268 1028 3311 non
1046 3247 1200 3332 proferat.

244 3347 297 3412 15.
318 3349 458 3414 lustinus
476 3351 595 3434 pluries
614 3352 725 3414 asserit
750 3372 783 3413 se
808 3372 846 3414 cx
861 3350 1039 3435 Evangeliis
1057 3347 1267 3435 desumpsisse
1284 3372 1321 3415 ea

197 3469 271 3535 qne
294 3449 414 3534 refert,
444 3453 554 3516 asserit
580 3453 676 3516 etiam
703 3453 876 3537 Evangelia
902 3451 945 3516 ab
968 3453 1126 3538 Apostolis
1145 3474 1321 3540 eorumque

197 3549 362 3634 discipulis
376 3553 554 3639 conscripta
568 3554 675 3618 fuisse.
685 3554 790 3636 Quum
803 3575 879 3619 vero
893 3576 962 3618 rem
973 3554 1090 3640 agebat
1101 3568 1181 3620 cumt
1190 3557 1323 3623 ethnicis

198 3667 232 3722 et
248 3655 376 3743 Judaeis,
394 3681 531 3746 quorum
558 3663 649 3746 parvi
675 3663 826 3726 intererat
852 3661 974 3726 novisse
999 3665 1130 3748 quinam
1151 3665 1323 3749 Evangelia

199 3760 408 3846 scripsissent,
427 3764 555 3848 propria
574 3765 846 3850 Evangelistarum
863 3766 993 3830 uomina
1011 3787 1075 3829 non
1098 3764 1216 3850 prodit3
1236 3765 1319 3851 quod

199 3866 252 3927 vix
266 3862 388 3950 aliquid
403 3865 553 3949 ponderis
570 3866 743 3931 addidisset
759 3867 827 3953 ejus
840 3877 949 3932 contra
961 3869 1032 3931 illos
1044 3869 1320 3951 argumentationi.

199 3968 327 4033 Recitat
340 3977 446 4032 autem
460 3971 633 4055 Evangelia
651 3993 736 4036 nnuc
749 3971 961 4058 verbotenus,
973 3992 1057 4034 nunc
1074 3971 1269 4055 memoriter,
1289 3982 1324 4036 ut

235 4237 273 4301 (1)
286 4234 353 4285 litat.
366 4234 436 4286 Ecct.
448 4233 490 4296 111,
503 4235 528 4285 5.
544 4233 596 4284 Ctr.
613 4232 824 4294 Tischendortius‚
842 4236 899 4286 tor.
912 4235 954 4282 cet.
969 4245 992 4295 p.
1009 4232 1057 4281 115
1071 4244 1127 4295 sqq.

236 4316 273 4381 (⁶2)
286 4315 337 4366 Cir.
353 4314 536 4377 Tischendorl„
552 4316 609 4367 loc.
624 4316 668 4365 ott.
683 4329 708 4378 p.
724 4316 835 4365 118-119
850 4331 857 4377 ;
876 4314 976 4376 Aberta,
993 4312 1196 4377 Qaarrtotschrtst
1217 4311 1323 4378 lhiinp.

202 4397 279 4461 1861,
293 4411 318 4461 p.
332 4396 402 4447 l-ll.

1154 4476 1195 4538 tn
