3142 4964
271 341 313 403 20
382 326 385 339 ἶ
485 363 686 407 mrnouucrro
701 365 847 408 sauciaris
863 366 896 407 ru
911 366 937 408 s.
955 366 1155 409 scnrrrnrau.

271 457 428 545 Josephus
444 460 505 546 (f),
523 459 680 525 Diodorus
692 462 828 545 Siculus,
847 462 902 548 qui
919 464 1002 525 inter
1013 463 1190 548 praecipuos
1204 448 1397 549 populorum

272 556 467 646 legislatores
485 564 612 648 Moysen
626 575 780 653 recenset
801 573 831 627 ct
852 562 942 628 addit
962 565 1049 627 hunc
1069 565 1196 650 Moysen
1215 566 1301 650 leges
1324 588 1398 630 suas

272 673 437 750 tamquam
454 687 473 729 a
490 667 556 729 Deo
573 668 632 729 Joo
650 675 797 751 acceptas
813 664 981 730 tradidisse
1002 667 1061 752 (or,
1087 666 1232 731 Aliorum
1256 669 1399 752 plurium

272 769 449 831 testimonia
478 767 570 833 nobis
593 778 759 832 servarunt
783 769 928 832 Clemens
953 767 1201 853 Alexandrinus,
1230 770 1397 855 Eusebius,

273 869 305 933 S.
322 869 341 933 J
344 871 474 951 ustinus,
492 870 712 956 Athenagoras
726 880 756 934 et
770 872 919 936 Tatianus
932 871 994 956 (5).
1401 955 1405 961 ⁵

316 971 369 1035 51.
387 972 563 1058 Propositio
577 974 784 1037 confirmatur
800 975 996 1058 argumentis
1008 996 1048 1037 ex
1060 975 1128 1059 ipso
1145 974 1226 1040 libro
1242 974 1399 1061 deprom-

273 1075 346 1156 ptis.
373 1075 494 1139 Auctor
516 1085 654 1161 quatuor
671 1077 883 1160 posteriorum
905 1075 1061 1139 librorum
1080 1077 1231 1141 contiuuo
1254 1087 1398 1160 eventus,

273 1197 435 1241 sermones
457 1187 488 1241 et
508 1178 594 1263 leges
616 1180 714 1242 refert
734 1187 899 1264 tamquam
922 1179 976 1264 qui
999 1179 1142 1242 omnium
1166 1180 1252 1243 testis
1276 1179 1347 1258 fuit,
1369 1189 1401 1244 et

273 1278 369 1343 rebus
386 1281 452 1365 ipse
468 1280 622 1344 interfuit.
642 1282 738 1345 Plura
751 1302 847 1365 porro
866 1281 964 1344 refert
984 1301 1055 1365 quae
1073 1280 1157 1343 solus
1171 1281 1291 1366 Moyses
1306 1279 1399 1365 vidit,

271 1380 365 1465 plura
378 1400 449 1466 quae
462 1381 504 1444 ita
518 1391 628 1445 exacte
641 1391 671 1445 et
684 1389 757 1445 cum
772 1382 900 1445 minutis
917 1382 1161 1445 circumstantiis
1175 1403 1399 1466 personarum,

273 1484 419 1547 locorum
437 1492 468 1546 et
491 1492 685 1569 temporum,
701 1482 937 1566 describuntur,
956 1492 991 1547 ut
1014 1485 1101 1548 solus
1121 1485 1255 1568 scriptor
1274 1504 1402 1548 eoaevus

274 1605 311 1647 ea
336 1585 476 1649 scribere
497 1587 635 1671 potuerit
653 1587 713 1672 (4),
736 1587 829 1671 plura
847 1586 943 1649 etiam
962 1606 1033 1672 quae
1046 1583 1219 1648 excludunt
1234 1594 1399 1649 auctorem

274 1687 380 1773 Moyse
412 1689 634 1753 recentiorem.
662 1690 713 1753 Sic
740 1690 848 1774 plures
877 1689 962 1772 leges
985 1694 1167 1772 supponant
1186 1688 1342 1773 populum
1365 1689 1400 1751 in

275 1792 384 1855 castris
401 1791 496 1856 fuisse
515 1793 589 1856 etin
605 1791 742 1875 deserto,
758 1794 827 1858 alie
840 1800 1022 1877 supponunt
1033 1791 1190 1855 Israelitas
1205 1790 1348 1854 nondum
1366 1791 1400 1855 in

275 1900 395 1955 terram
416 1893 568 1956 Chanaan
591 1892 757 1958 advenisse
775 1892 836 1979 (5).
850 1894 1000 1963 Defectus
1024 1893 1119 1956 etiam
1143 1890 1263 1956 ordinis
1288 1893 1343 1978 qui
1367 1894 1400 1956 in

274 1993 453 2059 referendis
466 1996 590 2081 legibus
602 1996 789 2061 observatur
801 1994 920 2060 indicat
934 2004 1096 2059 auctorem
1111 2015 1265 2058 coaevum.
1280 1995 1403 2058 Auctor

276 2098 362 2160 enirn
381 2100 537 2183 posterior
560 2100 645 2184 leges
667 2100 737 2163 illas
763 2099 887 2164 meliori
904 2097 1015 2163 ordine
1036 2097 1250 2182 disposuisset,
1270 2107 1299 2160 et
1314 2098 1404 2182 leges

277 2200 426 2264 eamdem
447 2222 516 2265 rem
535 2204 740 2287 respicientes
756 2202 852 2266 simul
868 2199 1063 2287 conjecisset.
1085 2200 1205 2264 Auctor
1220 2220 1297 2263 vero
1313 2200 1403 2263 Pen-

277 2304 417 2366 tateuehi
434 2304 519 2388 leges
535 2304 632 2368 refert
648 2303 769 2389 absque
789 2301 900 2368 ordine
920 2311 951 2365 et
974 2302 1170 2366 connexione
1185 2298 1404 2385 quemadmo-

277 2402 356 2468 dum
370 2406 440 2468 latac
454 2416 525 2469 sunt
544 2416 663 2469 etcum
681 2408 840 2471 notatione
865 2415 1036 2470 eventuum
1053 2404 1107 2489 qui
1132 2404 1177 2466 eis
1201 2403 1405 2467 occasionem

278 2505 452 2587 dederunt3
467 2507 509 2571 ita
522 2517 558 2570 ut
573 2507 745 2571 dicendum
761 2510 798 2571 sit
815 2510 901 2593 leges
913 2509 983 2571 illas
997 2507 1111 2590 scripto
1127 2503 1293 2567 mandatas
1307 2504 1406 2570 fuisse

277 2610 383 2672 statim
409 2630 447 2672 ac
478 2606 667 2672 edebantur.
701 2610 893 2674 Aecuratam
924 2607 1136 2692 cognitionem
1169 2626 1265 2690 quarn
1296 2604 1406 2690 prodit

279 2720 391 2776 auctor
413 2733 521 2777 rerum
542 2714 800 2797 aegyptiacarum,
825 2713 999 2798 prasertim
1023 2710 1055 2772 in
1078 2706 1249 2771 referenda
1269 2708 1404 2773 historia

278 2813 420 2898 Josephi,
444 2813 563 2879 indicat
583 2815 782 2900 scriptorem,
813 2815 917 2901 qualis
940 2822 987 2876 est
1013 2812 1144 2895 Moyses,
1172 2810 1226 2895 qui
1254 2808 1310 2874 diu
1327 2832 1404 2875 cum

279 2917 433 3003 AEgyptiis
452 2927 592 2981 versatus
605 2917 711 2982 fuerit.
730 2918 807 2981 Haec
828 2937 898 3002 quae
915 2913 1153 2979 observavimus
1168 2921 1285 2996 cogunt
1302 2933 1405 2997 repo-

279 3042 355 3085 nere
368 3022 586 3085 exarationcm
598 3031 735 3107 quatuor
752 3020 965 3105 posteriorum
976 3016 1183 3080 Pentateucbi
1200 3014 1357 3078 librorum
1371 3017 1406 3078 in

231 3149 234 3155 ¹
278 3133 424 3208 tempora
440 3125 591 3188 mosaica.
607 3124 707 3188 Porro
721 3123 770 3186 isti
786 3121 860 3186 libri
878 3127 1061 3205 supponunt
1073 3116 1220 3183 Genesim
1237 3138 1308 3201 quae
1322 3139 1407 3203 con-

279 3228 357 3290 tinet
374 3225 548 3311 quamdam
568 3228 664 3291 veluti
682 3226 950 3289 introductionem
975 3218 1016 3285 ad
1040 3220 1138 3284 libros
1160 3220 1350 3303 posteriores
1374 3230 1407 3284 et

280 3339 366 3393 arcte
387 3329 524 3393 cohaeret
544 3350 618 3393 cum
634 3330 718 3413 illis3
736 3329 861 3391 initium
882 3327 967 3389 enim
984 3321 1083 3387 Exodi
1101 3330 1227 3385 nonest
1246 3321 1305 3385 nisi
1321 3343 1406 3386 con-

280 3431 412 3494 tinuatio
425 3431 529 3494 ultimi
542 3432 637 3516 capiti
653 3430 824 3496 Geneseos.
884 3441 889 3454 ·

323 3534 376 3596 52.
392 3534 438 3596 Ex
456 3534 505 3596 his
529 3533 677 3597 omnibus
702 3532 855 3617 sequitur,
882 3551 945 3614 quo
968 3536 1111 3610 tempore
1135 3525 1255 3609 Moyses
1276 3525 1403 3608 vixerit,

281 3635 394 3700 eodem
418 3637 671 3701 Pentateuchum
694 3635 789 3698 fuisse
813 3641 978 3696 exaratum
1003 3650 1023 3692 a
1045 3629 1114 3691 viro
1138 3626 1281 3690 omnium
1305 3621 1416 3713 Moysi

315 3885 350 3946 (1)
367 3885 467 3937 Contra
475 3886 614 3951 Apionem,
628 3882 648 3934 Ι.

315 3966 351 4028 (2)
364 3966 488 4018 Diodorus
502 3967 611 4026 Siculus,
625 3965 692 4016 Hist.
708 3966 726 4015 l.
738 3964 757 4013 l.

313 4051 350 4115 (ὅ)
365 4050 420 4100 vid.
438 4051 513 4100 fluet.
530 4049 675 4100 Dictoastr.
689 4061 779 4111 evanp.
795 4059 866 4109 prop.
883 4044 923 4102 lv,
938 4040 1040 4102 c.2·12;
1054 4041 1124 4103 ptura
1138 4043 1221 4087 famen
1237 4048 1267 4086 ex
1279 4036 1362 4087 altatis
1376 4038 1409 4088 ab

284 4132 339 4195 ipso
351 4132 543 4183 testimoniisnd
558 4145 611 4182 rem
627 4130 778 4194 probandam
789 4128 926 4178 infirmiora
941 4132 1008 4176 sunt.
1496 4119 1499 4123 ’

315 4214 350 4278 (t)
363 4214 671 4277 anr.111-IV;xv,aa;
684 4211 746 4272 XVI,
763 4212 787 4269 13
800 4211 856 4262 Iao.
868 4209 899 4267 Χ,
913 4207 967 4267 1-53
983 4205 1062 4258 Num.
1075 4201 1126 4261 Vll,
1138 4210 1185 4251 ete.

315 4294 350 4361 (d)
360 4297 417 4348 Leo.
432 4296 473 4356 lv,
485 4295 600 4353 textu,
610 4296 652 4359 46;
665 4295 727 4354 ΧΝ;
741 4295 766 4352 5,
776 4293 801 4351 8,
812 4292 853 4352 543
864 4288 927 4348 XVI,
938 4287 979 4349 273
991 4285 1062 4343 XXV,
1075 4282 1099 4343 ῆς
1111 4282 1189 4333 Num.
1201 4280 1253 4339 XV,
1263 4279 1288 4338 23
1300 4279 1407 4333 Denter.

283 4377 323 4437 Vl,
336 4378 407 4442 1-193
422 4377 474 4440 Vll,
487 4379 537 4439 1-5;
550 4371 880 4441 vfl1‚1;tx,1-o;xn,1o;
893 4368 978 4429 xxm,
994 4367 1035 4429 103
1049 4364 1123 4424 XXV,
1136 4361 1223 4424 17-19;
1236 4369 1285 4413 etc.
