3166 4958
276 281 340 346 att
502 301 701 347 mruonucrro
718 300 865 344 sanemus
882 298 954 342 ms.
976 299 1177 346 serraraaan.

275 400 358 483 thos,
376 409 411 464 ut
434 402 593 483 nonnulli,
611 402 677 465 sive
698 397 786 485 apud
804 400 981 484 AEthiopes,
1000 408 1035 463 ut
1060 401 1115 466 alii
1139 410 1258 485 tenent,
1283 401 1404 489 praedi-

277 503 435 565 cationem
453 522 543 566 snam
561 501 712 588 martyrio
728 500 927 566 coronaverit
943 499 1003 586 (l)

320 580 551 685 dsMatthaeum
574 614 648 668 ante
667 604 747 668 alios
769 603 986 688 Evangelistas
1008 603 1148 687 primurn
1171 606 1332 691 scripsisse
1350 608 1408 673 hi-

278 707 408 770 storiam
422 707 653 792 evangelicam‚
674 727 811 791 eamque
828 706 1005 770 exaravisse
1021 706 1053 768 in
1073 705 1184 772 Judaea
1200 729 1259 794 pro
1274 709 1407 795 ludaeis,
1455 730 1461 742 ’

280 812 336 897 qui
359 812 392 875 in
412 810 572 875 Christum
594 809 809 893 crediderant,
835 831 875 874 ne
900 809 968 894 ipso
985 808 1127 893 absente,
1146 810 1413 879 obliviscerentur

280 933 391 977 eorum
407 934 479 998 quae
501 911 689 993 tradiderat,
710 921 858 993 constans
874 920 921 976 est
944 913 1039 975 totius
1056 913 1251 1000 antiquitatis
1266 888 1417 1014 tradit&

279 1016 434 1081 Eusebius
458 1014 506 1102 (2)
530 1017 575 1079 ait
601 1038 609 1078 ε
638 1041 652 1075 a
679 1015 844 1079 Matthaeus
868 1034 942 1080 cum
965 1014 1108 1079 Hebraeis
1138 1018 1413 1109 primumufidem

280 1117 494 1203 praedicasset,
518 1116 651 1182 indeed
669 1118 748 1181 alias
766 1138 895 1203 quoque
915 1126 1024 1202 gentes
1041 1118 1243 1203 prolecturus
1259 1122 1414 1207 Evange-

280 1223 359 1286 lium
373 1243 467 1285 snum
482 1222 586 1306 patrio
603 1241 750 1285 sermone
769 1220 983 1303 conscribens,
1003 1219 1037 1284 id
1052 1219 1140 1306 quod
1156 1225 1330 1306 praesentiae
1345 1244 1413 1288 suae

281 1324 389 1389 adhuc
407 1329 572 1409 superesse
587 1322 767 1407 videbatur,
786 1322 904 1408 scripto
920 1322 982 1386 illis
996 1344 1077 1408 quos
1097 1324 1311 1410 relinquebat,
1329 1348 1412 1413 sup-

281 1428 391 1511 plevit.
411 1425 526 1490 »Ante
547 1425 719 1490 Eusebium
737 1424 890 1510 Origenes
910 1424 958 1510 (ὃ)
978 1423 1125 1491 dixerat:
1147 1428 1266 1493 «Sicut
1284 1451 1323 1494 ex
1342 1439 1412 1495 tra-

283 1526 402 1593 ditione
420 1528 531 1612 accepi
546 1527 588 1591 de
607 1537 743 1614 quatuor
755 1528 947 1613 Evangeliis,
966 1549 1037 1614 quae
1053 1529 1120 1593 sola
1140 1529 1172 1593 in
1188 1532 1336 1595 universa
1352 1532 1412 1596 Dei

282 1632 424 1696 Ecclesia
448 1652 520 1717 quae
543 1631 603 1695 sub
627 1633 707 1696 coelo
732 1640 779 1696 est
801 1634 878 1696 citra
899 1633 1147 1698 controversiam
1171 1633 1411 1700 admittuntur:

282 1734 423 1818 primum
447 1733 566 1797 scilicet
587 1733 798 1817 Evangelium
819 1734 972 1818 scriptum
989 1754 1063 1797 esse
1087 1755 1106 1797 a
1130 1734 1292 1818 Matthaeo,
1322 1738 1413 1821 prius

283 1834 415 1922 quidem
427 1835 613 1919 publicano,
631 1845 741 1919 postea
756 1856 834 1899 vero
850 1835 1003 1920 Apostolo
1017 1837 1093 1900 Jesn
1111 1836 1236 1920 Christi,
1257 1839 1312 1923 qui
1329 1838 1413 1903 illud

282 1940 436 2004 hebraico
449 1935 597 2025 sermone
610 1941 825 2023 conscriptum
837 1938 955 2003 Judaeis
967 1937 1009 2003 ad
1020 1937 1119 2003 fidem
1132 1943 1292 2005 conversis
1303 1942 1413 2027 publi-

284 2042 377 2107 cavit.
407 2068 421 2104 »
448 2042 635 2127 Apollonius
663 2042 723 2128 (i),
754 2043 889 2127 scriptor
912 2042 968 2128 qui
995 2041 1122 2107 vivebat
1144 2043 1228 2108 circa
1258 2065 1310 2108 an.
1332 2045 1410 2129 180,

282 2146 393 2209 asserit
419 2143 588 2230 Apostolos
612 2142 759 2230 adeoque
783 2145 965 2208 Matthaeum
985 2165 1044 2230 per
1065 2143 1237 2209 duodecim
1253 2167 1355 2211 annos
1377 2146 1413 2210 in

282 2246 393 2311 Judaea
410 2245 598 2331 predicasse
618 2255 793 2331 antequam
811 2254 980 2332 pergerent
996 2245 1039 2310 ad
1058 2256 1179 2332 gentes.
1194 2249 1333 2313 Irenaeus
1348 2248 1410 2334 (5),

283 2359 454 2434 postquam
471 2351 612 2434 primum
628 2351 710 2413 inter
726 2350 943 2434 Evangelistas
961 2351 1118 2414 recensuit
1133 2352 1315 2415 Matthaeum
1335 2361 1413 2417 tan-

278 2474 382 2539 quam
408 2452 463 2537 qui
483 2453 604 2536 primns
628 2452 799 2536 scripserit,
820 2450 933 2516 addit:
954 2476 968 2511 a
987 2453 1151 2516 Mattheus
1167 2452 1309 2517 Hebraeis
1325 2454 1413 2539 ipso·
1487 2443 1491 2449 ’

286 2575 358 2618 rum
375 2554 484 2637 lingua
505 2553 695 2638 scripturam
713 2551 813 2616 edidit
826 2553 1002 2638 Evangelii,
1023 2574 1097 2618 cum
1119 2554 1231 2643 Petrus
1248 2563 1279 2617 et
1293 2555 1415 2619 Paulus

283 2656 395 2719 Romae
417 2654 671 2738 evangelizarent
694 2664 725 2718 et
748 2653 921 2719 fundarent
945 2655 1131 2719 Ecclesiam.
1160 2655 1277 2737 »Quae
1289 2706 1298 2739 ,
1322 2658 1348 2720 si
1370 2655 1414 2721 de

283 2760 388 2846 primo
400 2759 484 2822 Petri
498 2760 530 2822 in
544 2758 665 2823 Urbem
678 2757 818 2821 adventu
832 2754 965 2843 intelligi
978 2758 1098 2843 possint
1109 2760 1143 2822 in
1155 2779 1276 2823 annum
1288 2758 1414 2826 Claudii

283 2859 460 2926 secundnm
481 2883 537 2926 seu
554 2863 595 2925 45
614 2871 683 2947 post
701 2862 775 2927 Chr.
790 2884 823 2926 n.
844 2860 996 2926 incident.
1012 2861 1115 2943 Quem
1135 2883 1256 2927 anuum
1270 2861 1415 2929 indicant

284 2967 430 3031 nonnulli
449 2965 575 3030 codices
593 2967 686 3051 greci
704 2966 806 3050 quiin
832 2964 1062 3049 subscriptione
1085 2963 1214 3029 tradunt
1229 2966 1414 3031 Matthaeum

285 3068 524 3154 Hierosolymis,
546 3090 631 3132 anno
648 3068 690 3131 ab
709 3069 894 3132 ascensione
913 3058 1040 3131 Domini
1061 3066 1194 3152 septimo
1214 3068 1266 3131 vel
1286 3077 1411 3154 octavo,

284 3190 377 3232 suum
392 3171 571 3234 exaravisse
583 3154 919 3269 Evangeliumsllocet
930 3169 963 3232 S.
979 3169 1217 3255 Chrysostomus
1229 3170 1415 3234 Matthaeum

285 3273 427 3357 primum
443 3274 588 3336 omnium
603 3273 830 3357 Hierosolymis
843 3272 1052 3357 Evangelium
1068 3292 1161 3336 suum
1177 3273 1434 3375 conscripsisse]

288 3373 385 3459 idque
410 3394 495 3438 anno
517 3376 536 3438 8
561 3384 631 3459 post
655 3376 872 3439 ascensionem
895 3375 1022 3439 Domini
1045 3374 1088 3439 ab
1111 3396 1149 3438 ao
1172 3375 1293 3439 factum
1317 3375 1415 3440 fuisse

286 3485 417 3540 narrant
436 3477 690 3562 Theophylactus
705 3486 736 3541 et
750 3477 948 3563 Euthymios.
963 3476 1160 3561 Nicephorus
1182 3485 1289 3540 autem
1303 3476 1414 3541 Evan-

286 3579 360 3664 gelii
392 3566 652 3663 compositionem
686 3580 720 3642 in
746 3600 867 3643 annum
901 3579 942 3642 15
973 3580 1109 3664 reponit.
1124 3558 1289 3672 [Quonam
1317 3578 1415 3662 igitur

286 3680 416 3764 praecise
432 3701 516 3743 anno
537 3681 701 3744 Matthaeus
719 3681 929 3765 Evangelium
948 3701 1040 3745 suum
1062 3681 1283 3767 conscripserit
1303 3680 1414 3745 ambi-

318 3996 353 4059 (tt
364 3996 420 4046 vid.
437 3995 531 4059 impin,
546 3995 653 4046 Dissert.
668 3996 774 4060 pretim.
786 4008 833 4046 sur
845 3996 872 4046 lu
888 3995 965 4057 Hieta,
979 3996 997 4048 l.
1014 3993 1045 4057 ΙΙ,
1058 4006 1080 4046 ο.
1093 3990 1167 4060 555.

319 4078 354 4142 (Ξ)
374 4079 442 4129 Hist.
459 4079 529 4139 Ecct.
548 4078 590 4141 ΙΙΙ,
602 4078 644 4132 El.
847 4140 850 4146 Ι

319 4158 354 4223 (ὃ)
373 4161 515 4212 Commeat.
533 4164 562 4212 tn
578 4162 667 4212 Muttt.
680 4161 783 4212 Patrot.
797 4174 837 4227 pr.
855 4159 917 4224 llll,
933 4160 991 4212 850.

318 4240 353 4306 (t)
369 4241 415 4306 Ap.
429 4243 520 4294 Euseb.
539 4243 607 4294 Hist.
622 4244 692 4295 Erat·
706 4244 735 4307 V,
751 4244 790 4294 18.

318 4323 354 4389 (5)
368 4326 466 4377 Contra
477 4328 541 4380 hoer.
556 4327 597 4390 ill,
611 4326 630 4390 1,
650 4329 673 4379 l.
