3166 4958
288 319 362 362 PARS
378 318 401 360 Ι.
415 316 510 359 estur
521 318 605 361 xxlv.
624 318 663 359 DE
675 317 827 359 nunonem
844 318 1006 363 ascensus
1017 318 1193 363 eunomus.
1240 301 1303 365 185
1403 364 1404 367 ,

166 414 278 478 stinus
300 415 347 501 (1)
363 414 433 501 jam
460 413 712 479 animadvertit:
741 413 839 477 «hoc
866 433 967 498 genus
999 417 1178 502 quaestionis
1204 420 1305 483 multo

168 518 336 582 cachinno
364 540 383 583 a
411 517 544 603 paganis
572 518 710 601 graviter
739 516 878 579 irrisum.
906 542 921 575 o
948 518 1084 602 Paganis
1106 521 1307 585 consentiunt

168 620 371 685 recentiores
383 617 553 701 inereduli,
569 620 623 703 qui
635 619 852 683 narrationem
869 625 968 682 totam
981 621 1070 684 nulla
1086 622 1209 686 ratione
1223 623 1308 689 veri-

169 723 330 805 similem,
348 732 445 807 atque
462 722 549 785 omni
567 742 650 785 verae
662 721 799 784 historie
822 729 897 784 nota
914 719 1096 792 destitutam
1113 723 1244 790 habent.
1263 726 1309 789 Ex

172 825 217 886 iis
238 833 345 887 autem
364 825 419 910 qui
435 823 583 910 rejiciunt
597 824 686 887 lonae
703 823 880 906 historiam,
895 825 961 905 alii,
978 834 1014 888 ut
1028 824 1164 906 Grimm,
1181 827 1309 891 Sonne—
1348 810 1351 813 ¹

172 948 302 1012 maycr,
311 947 383 990 eam
397 927 556 990 somnium
569 927 916 1009 existimant,visionem
929 927 1033 1002 alii‚ut
1043 927 1311 1015 Blasehe,allego

173 1031 264 1092 riam
276 1030 461 1093 historicam
473 1038 529 1092 aut
540 1026 750 1093 doctrinalem
764 1029 995 1114 plurimi,inter
1008 1051 1088 1115 quos
1102 1043 1311 1098 numerantur

174 1130 269 1217 apud
286 1132 332 1195 De
345 1134 453 1197 Wette
469 1132 518 1217 (2)
532 1133 586 1216 qui
603 1132 677 1216 ipsis
693 1132 873 1213 assentitur,
886 1131 958 1195 Von
972 1130 1030 1195 der
1043 1131 1157 1216 Hardt,
1173 1133 1308 1217 semler,

181 1236 362 1317 Michaelis,
376 1233 513 1318 Herder,
527 1235 685 1320 Niameyr,
699 1234 873 1316 Eichhorn,
882 1232 1040 1317 staudtin,
1055 1236 1163 1318 Herel,
1178 1239 1308 1308 Paulus.

175 1337 309 1420 Miiller,
329 1338 447 1423 Meyer,
466 1337 603 1417 Pareau,
627 1338 682 1400 alii
708 1335 824 1422 quibus
843 1335 1067 1422 adjungendus
1092 1348 1138 1402 est
1160 1361 1198 1403 ex
1213 1340 1311 1406 Gallis

184 1440 320 1503 Munck.

230 1543 283 1606 15.
309 1542 360 1608 Ad
383 1565 463 1628 quos
491 1565 602 1608 omnes
625 1543 765 1608 breviter
789 1565 863 1611 cum
880 1544 913 1607 S.
936 1543 1116 1630 Augustino
1133 1545 1311 1632 responde-

175 1668 278 1711 mus:
298 1671 313 1726 a
329 1646 429 1735 Quod¹
447 1656 502 1711 aut
525 1649 631 1712 omnia
654 1646 762 1712 divina
786 1649 941 1712 miracula
962 1647 1123 1713 credenda
1147 1671 1212 1713 non
1236 1651 1309 1731 sint,

175 1759 239 1814 aut
254 1751 316 1815 hoc
333 1773 390 1814 eur
400 1772 463 1814 non
479 1749 638 1833 credatur,
658 1772 753 1814 causa
770 1751 858 1814 nulla
870 1751 920 1813 sit.
940 1751 1080 1837 »Neque
1097 1753 1182 1815 enim
1198 1751 1312 1816 divinae

176 1854 332 1938 potentie
348 1852 506 1918 difficilius
528 1863 574 1917 est
591 1852 718 1918 efficere
733 1861 769 1916 ut
782 1855 880 1921 homo
901 1852 1002 1916 trihus
1019 1853 1132 1919 dichus
1153 1856 1185 1918 in
1202 1858 1312 1919 ventre

178 1956 245 2020 ceti
261 1957 351 2019 vivus
376 1966 573 2041 permaneat,
592 1977 689 2041 quam
709 1965 745 2019 ut
760 1957 895 2020 Lazarus
911 1965 983 2040 post
1002 1967 1139 2042 quatuor
1159 1956 1226 2021 dies
1242 1956 1312 2043 jam

178 2060 298 2123 foetans
310 2080 328 2122 e
340 2060 486 2144 sepulcro
499 2060 701 2124 resuscitatus
714 2068 817 2122 exeat.
834 2059 1012 2144 Utrumque
1025 2061 1111 2124 eninr
1124 2059 1312 2125 incredibile

182 2160 326 2244 videtur,
340 2159 396 2226 sed
409 2171 517 2225 tamen
530 2163 597 2226 Deo
611 2161 773 2246 possibile.

228 2265 282 2328 16.
309 2263 484 2331 Videamus
500 2286 597 2349 porro
615 2286 657 2328 an
682 2265 771 2328 Jouae
789 2266 930 2328 narratio
953 2265 1101 2329 historice
1125 2263 1313 2349 accipienda

178 2368 225 2432 sit
241 2376 296 2432 aut
311 2368 495 2452 allegorice,
512 2389 555 2432 ao
578 2376 734 2453 tanquam
751 2375 883 2431 eventus
906 2368 1059 2431 naturalis
1080 2378 1135 2432 aut
1157 2377 1311 2454 tanquam

176 2471 403 2536 miraculum?
418 2470 501 2536 Vere
517 2480 547 2534 et
567 2472 698 2534 realiter
715 2470 882 2554 contigisse
898 2491 937 2533 ex
957 2469 1120 2555 Scriptura
1136 2472 1204 2556 ipsa
1220 2472 1313 2536 colli·

177 2575 280 2661 gimr.
305 2574 461 2638 Diseimus
486 2595 526 2637 ex
544 2574 596 2637 IV
612 2574 685 2658 Ray.
705 2573 791 2655 XIV,
818 2572 859 2635 nt
881 2572 996 2636 lunam
1019 2573 1226 2657 prophetasse
1253 2574 1314 2638 sub

178 2675 357 2741 Jerohoam
377 2677 419 2759 11,
433 2696 510 2761 rege
529 2676 641 2758 Israel,
659 2674 806 2760 adeoque
823 2675 923 2757 Isaiae,
940 2675 1020 2740 Osee
1040 2684 1071 2739 et
1089 2677 1199 2740 Amosi
1217 2676 1314 2739 fuisse

180 2801 328 2846 eoaevum
341 2778 399 2865 (5).
415 2779 492 2860 Quae
507 2788 614 2842 autem
634 2779 667 2841 in
684 2778 766 2842 libro
782 2779 872 2843 Jonae
888 2788 1060 2843 narrantur
1076 2780 1222 2863 apprime
1238 2779 1314 2843 huic

180 2888 269 2951 aetati
283 2886 485 2968 conveniunt,
500 2883 659 2969 siquidem
673 2883 786 2947 Ninive
798 2890 875 2946 tunc
887 2881 1110 2946 florentissima
1124 2890 1203 2945 erat.
1219 2881 1314 2963 Quod

179 2999 294 3056 autem
306 2991 339 3053 in
352 2997 463 3052 ventre
479 2988 540 3051 ceti
556 2987 654 3051 Jonas
671 2986 772 3050 tribus
788 2983 903 3053 dicbus
913 2984 1022 3067 fuerit,
1037 2983 1181 3047 Ninivitis
1193 2982 1313 3067 praedi-

180 3093 316 3175 caverit,
335 3092 390 3177 qui
414 3090 632 3176 poenitentiam
650 3089 784 3174 egerint,
798 3085 939 3154 Christus
959 3087 1003 3150 ita
1028 3086 1114 3149 clare
1139 3086 1260 3167 asserit,
1278 3095 1314 3149 ut
1422 3161 1424 3166 .

179 3197 296 3281 negari
320 3202 459 3281 nequeat
483 3193 542 3257 nisi
566 3193 634 3277 ipsa
652 3191 766 3257 Christi
785 3189 883 3255 verba
909 3199 1076 3274 negentur.
1098 3189 1182 3252 Dixit
1202 3190 1311 3253 anim:

183 3300 347 3366 Generatio
371 3295 454 3359 mala
475 3307 504 3358 et
527 3294 664 3357 adnitere
686 3296 808 3377 oipnum
834 3292 952 3375 querit,
977 3301 1006 3354 et
1024 3293 1146 3373 signnm
1169 3311 1232 3369 non
1254 3291 1314 3359 da-

181 3403 268 3467 bitur
284 3403 322 3474 ei,
341 3401 404 3463 arisi
424 3401 546 3482 signnm
568 3399 657 3460 «lone
677 3395 841 3480 prophete.
869 3393 953 3459 Sicut
976 3395 1057 3456 enim
1079 3391 1141 3476 fnit
1163 3394 1260 3455 Jonm
1282 3394 1316 3456 in

180 3515 288 3570 ceastre
302 3505 357 3566 ceti
372 3500 466 3565 trihus
486 3499 587 3563 diebus
611 3510 639 3562 et
662 3498 755 3562 tridua
772 3496 920 3575 noetibnm
938 3498 980 3559 sie
995 3498 1052 3558 erit
1072 3494 1157 3579 filins
1181 3495 1312 3559 hominis

181 3605 330 3671 incende
355 3614 442 3665 terroe
466 3601 560 3665 trihus
588 3599 689 3663 diens
717 3609 745 3661 et
773 3597 866 3661 trihus
896 3595 1040 3660 noctibus.
1073 3595 1146 3658 Viri
1169 3596 1314 3657 Ninivitas

180 3700 310 3793 serpent
333 3706 498 3790 injudicio
525 3725 591 3766 cum
616 3704 806 3788 generatione
829 3703 888 3764 iata
910 3711 938 3762 et
960 3697 1197 3761 condemnabant
1220 3716 1286 3758 eam
1304 3718 1313 3755 :

182 3814 260 3896 qaaa'o
275 3812 482 3895 peonitentiam
505 3817 628 3892 eperunt
650 3809 683 3868 in
705 3803 917 3890 predicatione
934 3802 1024 3864 Joraoe
1039 3799 1098 3885 (4).
1116 3799 1153 3860 lu
1170 3798 1313 3861 versione

219 4091 256 4156 (1)
269 4089 356 4154 Epist.
374 4088 430 4151 102,
443 4089 533 4140 test.

219 4171 257 4236 (θ)
272 4170 375 4222 Einlett.
390 4168 533 4235 §emese

219 4253 259 4317 (3)
268 4252 320 4303 Clr.
333 4253 360 4304 S.
377 4252 490 4315 Hieron,
503 4252 577 4304 Prot.
588 4254 616 4303 in
626 4251 729 4303 Ionam.

221 4335 259 4400 (al)
271 4333 429 4399 Mortalin,
441 4336 530 4400 stt-lh
542 4335 605 4396 xvi,
621 4336 647 4400 ⁴3
661 4336 720 4388 Luc.
733 4335 774 4397 ltl,
790 4334 872 4386 test).
