3132 4964
369 296 587 357 nazancenus
604 314 692 357 xxm.
712 313 750 356 nn
766 315 941 359 rnornzrns
957 316 1106 362 narrans.
1240 297 1303 364 169

154 413 292 478 merito
308 414 456 480 observat
469 416 515 479 De
530 417 636 479 Wette
649 415 709 502 (l),
729 417 778 480 cui
798 417 971 482 assentiunt
987 419 1134 505 plerique
1146 419 1302 485 Rationa-

155 514 337 605 listarum,
351 517 474 603 absque
485 518 551 582 ullo
564 518 694 603 prorsus
706 517 915 583 fundamento
930 520 1035 585 Oeder
1047 530 1077 585 et
1093 523 1195 608 Vogel
1208 520 1304 587 dubi-

155 627 252 683 tasse
275 617 320 684 de
334 621 454 684 ultimis
470 629 590 706 septem
612 620 780 707 capitibus,
797 621 930 686 Corrodi
948 621 989 687 de
1006 645 1100 710 capp.
1118 624 1306 692 XXXVIII-

95 747 114 777 π
157 719 326 804 XXXIX,
344 731 375 786 et
397 732 562 787 auctorem
578 743 773 808 anonymum
789 722 830 786 de
854 724 1000 789 oraculis·
1014 724 1166 790 adversus
1182 735 1302 811 gentes.

85 764 119 862 ³)
132 796 334 902 [Quamvis
349 834 457 889 autem
477 823 578 888 ludaei
595 823 723 889 tradant
737 826 936 911 synagogam
953 826 1129 914 aliquando
1144 827 1306 892 dubitasse

160 945 208 987 an
236 925 329 989 liber
356 926 528 991 Ezechielis
549 926 633 990 intra
657 948 813 992 canonem
840 937 921 992 esset
948 927 1171 1012 includendus,
1197 940 1305 994 tamen

159 1027 225 1091 iste
245 1027 339 1092 liber
350 1027 393 1092 ab
409 1029 497 1093 initio
514 1030 596 1093 inter
610 1029 709 1093 libros
726 1030 895 1095 canonicos
906 1032 1080 1096 recensitus
1096 1032 1172 1115 iuit3
1190 1033 1304 1098 merito

162 1130 271 1214 igitur
291 1140 326 1194 ut
349 1129 475 1194 divinus
496 1152 515 1195 a
533 1132 715 1197 Christianis
732 1154 821 1220 aeque
836 1155 874 1198 ao
896 1153 916 1197 a
934 1132 1052 1198 ludaeis
1066 1144 1213 1220 receptus
1231 1120 1339 1243 fuit]

161 1231 279 1296 Judaei
309 1243 416 1298 autem
440 1234 537 1299 coaevi
557 1234 755 1300 Ezechielem
778 1256 891 1301 terum
913 1257 981 1301 esse
1000 1237 1193 1322 Prophetam
1211 1237 1304 1301 facile

163 1344 420 1420 perspexerunt.
436 1335 517 1400 Nam
530 1337 673 1401 Ezechiel
689 1338 801 1421 procul
814 1358 833 1401 a
846 1335 956 1401 Judtea
968 1338 1087 1422 positus
1104 1360 1167 1402 non
1181 1346 1305 1408 tantum

165 1435 381 1502 obsidionem
411 1438 614 1525 ierosolyma
645 1461 703 1525 per
725 1438 1074 1505 Nabuchodonosorem
1096 1439 1153 1504 sed
1175 1441 1305 1525 insuper

166 1539 405 1605 minutissimas
418 1541 574 1627 quasdam
596 1544 847 1609 circumstantias
863 1542 1036 1608 obsidionis
1053 1543 1209 1630 predixit,
1224 1565 1304 1630 quas

167 1642 368 1706 naturaliter
383 1642 558 1727 praevidere
578 1667 643 1709 non
660 1654 785 1729 poterat
801 1655 831 1709 et
850 1646 955 1709 statim
971 1655 1077 1710 tamen
1089 1647 1180 1732 juxta
1193 1648 1304 1711 vatici-

168 1746 268 1810 nium
287 1756 462 1811 evenerunt
477 1746 536 1834 (2).

603 1971 874 1983 w

534 2194 537 2199 .
577 2120 742 2201 CAPUT
770 2122 916 2199 XXlll.

507 2339 544 2398 bz
568 2355 744 2400 rnorazrns
767 2356 905 2399 narrans
926 2333 986 2422 (o).

221 2550 255 2615 l.
278 2552 402 2639 Daniel,
428 2555 469 2619 de
496 2554 581 2618 tribu
603 2552 687 2617 luda
712 2562 742 2617 et
766 2553 852 2638 regia
877 2561 932 2617 aut
956 2553 1069 2617 saltem
1088 2553 1187 2618 nobili
1208 2552 1304 2639 stirpe

176 2664 280 2738 ortus,
294 2677 377 2720 anno
391 2659 483 2721 tertio
496 2657 547 2720 vel
560 2665 674 2742 quarto
687 2654 735 2740 (4)
747 2655 831 2740 regis
842 2655 982 2728 Joalrim,
993 2654 1169 2726 admodum
1177 2655 1306 2741 juvenis

177 2777 255 2821 cum
271 2757 407 2843 Ananis,
426 2759 538 2823 Azania
557 2759 690 2843 aliisque
709 2758 803 2841 regiis
825 2765 855 2820 ot
874 2756 1034 2821 nobilibus
1051 2755 1306 2822 adolescentibus
1352 2784 1356 2791 ⁴

172 2858 267 2944 jussu
292 2860 611 2926 Nabuchodonosoris
627 2860 824 2945 Babylonem
847 2858 1032 2944 deportatus
1056 2859 1125 2942 fuit,
1144 2859 1199 2923 ubi
1212 2859 1304 2945 juxta

177 2968 265 3050 regis
276 2966 473 3030 voluntatem
487 2964 632 3029 scientias
648 2963 855 3047 linguamque
866 2959 1088 3025 Chaldaeorum
1103 2959 1234 3025 edoctus
1245 2962 1306 3025 fuit

211 3196 247 3262 (1)
263 3195 365 3247 Eintett.
379 3193 461 3261 §tit

211 3278 248 3341 (2)
262 3277 318 3328 vid.
333 3277 425 3329 Darat.
436 3275 491 3338 llll,
505 3275 576 3327 1-15.

211 3360 247 3425 (3)
264 3360 381 3421 huetius,
399 3359 571 3410 Demonstrat.
586 3355 710 3423 Evanpet.
728 3353 808 3421 Prop.
827 3352 866 3416 lV;
883 3354 1042 3407 cameliusa
1058 3354 1152 3419 Lepide
1169 3363 1195 3406 et
1209 3356 1307 3408 Calmet

179 3442 205 3491 in
217 3443 270 3493 suis
282 3441 436 3501 Commeot.;
448 3438 640 3505 llengstenherg
649 3438 761 3502 (asath),
773 3438 816 3488 Die
826 3436 962 3488 Autheatie
970 3438 1014 3488 det
1024 3436 1124 3499 Daniel,
1137 3437 1219 3488 Berol.
1234 3440 1306 3502 1851,

180 3521 258 3574 Volci
266 3520 375 3585 (naath),
392 3521 516 3571 Virtdr'cioe
526 3521 672 3573 Dauidica.
687 3520 787 3583 Dorpat;
798 3516 888 3582 Pusey‚
901 3518 917 3568 9
928 3519 1045 3570 uetares
1054 3531 1087 3569 on
1096 3517 1188 3570 Daniel
1200 3520 1239 3570 tto
1245 3534 1309 3586 pro·

170 3605 247 3668 Δ111111,
262 3605 289 3654 5·
301 3604 341 3654 ed.
350 3603 462 3664 london,
472 3602 544 3653 1869:
555 3602 671 3666 Rhoting,
679 3601 733 3652 Das
744 3601 813 3652 Bact
826 3600 1021 3666 desPropltcten
1029 3601 1131 3660 Daniel,¹
1140 3603 1219 3653 hlainz
1232 3603 1307 3655 1876.

214 3687 251 3750 (1)
272 3685 339 3736 Dan.
363 3684 382 3745 1,
405 3686 438 3735 1:
457 3686 533 3736 Anao
547 3687 622 3735 tertie
636 3682 737 3735 ieelim
755 3684 823 3749 repis
841 3683 910 3733 luda
923 3684 993 3734 uertit
1006 3683 1246 3735 Nabuchodonosor
1259 3697 1308 3735 reto

182 3767 318 3831 Babylonis
332 3767 360 3816 ia
372 3766 513 3817 Jerusalem
526 3772 549 3816 et
562 3765 658 3816 obsedit
672 3779 737 3815 eam.
752 3766 826 3815 Dices
843 3778 849 3814 :
864 3764 956 3815 larem
972 3764 1045 3825 XXV,
1061 3766 1072 3814 1
1087 3772 1113 3814 et
1129 3778 1200 3828 seqq.
1214 3766 1308 3816 dicitur
1327 3812 1330 3818 i

180 3850 206 3901 id
226 3848 320 3913 lactum
340 3861 405 3898 anno
425 3854 514 3912 quarto
535 3848 641 3908 lankim,
659 3861 720 3911 ergo
735 3861 786 3897 non
802 3846 887 3898 tertio.
907 3844 1053 3909 Respondeo
1078 3849 1109 3896 lm
1125 3860 1220 3896 annum
1235 3847 1307 3910 regni

179 3930 429 3985 Nabuchodonosoris
447 3930 590 3980 inchoatum
607 3929 686 3980 luisse
703 3942 768 3979 anno
788 3929 864 3980 tertio
881 3928 993 3989 lankim,
1018 3936 1044 3978 et
1062 3928 1161 3978 finitum
1186 3942 1251 3997 anno
1267 3930 1306 3980 40.

181 4014 251 4064 Unde
272 4025 301 4062 ea
319 4013 468 4076 quagessit
489 4012 717 4063 Nabuchodonosor
731 4025 796 4062 anno
817 4014 845 4062 10
858 4011 930 4074 regni
953 4011 1010 4071 sui,
1026 4011 1148 4061 dicuntur
1165 4018 1235 4074 gesta
1252 4023 1308 4062 esse

182 4106 249 4143 nunc
258 4106 324 4145 anno
341 4095 380 4154 3⁰,
400 4107 468 4144 nune
487 4107 552 4145 anno
564 4095 593 4143 4⁰
607 4094 701 4145 loakim
715 4109 721 4143 :
734 4094 813 4158 coepit
829 4094 896 4144 enim
913 4091 1100 4154 expeditionem
1115 4100 1199 4143 contra
1211 4092 1308 4146 Judaeos

182 4172 268 4238 parare
285 4189 350 4227 anuo
368 4178 406 4237 5⁰,
423 4182 530 4240 eamque
546 4177 651 4240 perfecit
663 4191 728 4228 anno
746 4179 783 4227 4⁰.
806 4176 840 4227 lta
855 4175 988 4228 Cornelius
1006 4191 1020 4227 a
1037 4178 1097 4241 Lap.
1117 4177 1144 4227 in
1157 4177 1226 4229 Dan.
1243 4178 1263 4240 l,
1282 4181 1306 4230 1.

184 4257 331 4309 Doctissime
341 4258 405 4309 hanc
416 4258 583 4322 questionem
594 4266 684 4310 tmcmt
696 4259 801 4321 Reinke
818 4260 935 4325 Deitrape
947 4272 996 4310 aar
1010 4257 1113 4311 Drltldr.
1132 4261 1156 4310 d.
1167 4260 1199 4313 A.
1214 4261 1241 4313 Τ.
1254 4267 1275 4314 1.
1287 4259 1307 4324 1,

186 4353 209 4402 p.
226 4339 283 4390 256.
707 4346 709 4349 ’
