3142 4964
1065 208 1071 220 ’
1126 183 1429 370 Ede-ro

370 403 764 490 INTRODUOTIO
792 402 1108 490 SPEOIALIS'
1150 399 1276 573 [a

720 665 849 728 m¹

243 891 595 1025 SACRAM
647 894 1229 1029 SCRIPTURAM.

163 1192 884 1201 m--ffl—-m-
895 1193 1008 1201 ,.-..-..-
1036 1195 1108 1200 ..-ῃ
1118 1195 1158 1201 -

164 1195 1282 1221 mmm-*M

539 1360 916 1441 PRAENOTANDA.

665 1624 804 1637 Μ

210 1798 241 1858 l.
261 1796 434 1881 Postquam
447 1798 479 1860 in
499 1798 597 1882 priori
616 1799 779 1862 volumine
795 1818 833 1861 ea
845 1806 981 1861 tractata
1000 1809 1073 1862 sunt
1091 1821 1161 1886 quae
1183 1823 1293 1868 omnes

164 1899 280 1962 Libros
296 1920 402 1962 sacros
423 1901 599 1983 generatim
616 1910 770 1986 spectant,
785 1911 928 1985 superest
943 1887 980 1965 ut
993 1900 1033 1965 de
1049 1924 1245 1991 unoquoque
1256 1909 1294 1970 vin

165 2002 351 2086 particulari
368 1999 525 2066 dicamus.
543 2004 580 2066 In
593 2005 815 2068 introductione
830 2002 966 2087 peuerell
980 2005 1103 2088 egimus
1123 2004 1163 2069 de
1181 2007 1294 2072 Libra-

165 2125 240 2167 rum
256 2124 421 2187 sacrorum
438 2125 560 2169 canone
575 2116 606 2170 et
620 2106 836 2190 inspiratione,
852 2103 893 2169 de
907 2105 1043 2169 textibus
1054 2108 1251 2192 primigeniis
1264 2118 1295 2173 et

166 2205 367 2269 versionibus
382 2205 457 2270 inde
473 2204 635 2291 derivatis,
654 2206 694 2271 de
714 2208 850 2271 lectione
866 2227 963 2270 sacrae
978 2206 1150 2292 Scriptura
1161 2207 1295 2296 ejusque

166 2309 438 2393 interpretatione,
464 2308 603 2396 denique
627 2309 668 2373 de
690 2308 931 2396 antiquitatibus
952 2308 1131 2392 hebraicis,
1155 2331 1294 2397 quarum

166 2412 278 2475 notitia
312 2411 482 2476 Librorum
518 2434 683 2477 sacrorum
720 2412 884 2497 interpreti
920 2409 1014 2475 valde
1047 2412 1132 2475 utilis
1167 2422 1222 2477 est.
1259 2415 1296 2477 ln
1372 2422 1375 2426 “

166 2516 392 2579 introductione
415 2515 540 2600 speciali
563 2513 790 2602 inquirendum
811 2515 870 2578 erit
890 2512 1055 2601 quodnam
1078 2515 1117 2578 sit
1141 2515 1296 2602 cujusque

165 2619 240 2682 libri
254 2620 335 2683 sacri
348 2617 585 2703 argumentum,
601 2622 747 2705 quisnam
765 2640 889 2703 scopus,
903 2640 1051 2704 quaenam
1065 2622 1202 2702 occasio,
1214 2622 1298 2706 quis-

165 2738 242 2781 nam
259 2728 380 2801 auctor,
399 2720 464 2784 Deo
480 2721 665 2806 inspirante,
683 2722 774 2785 illum
793 2721 953 2806 scripserit
968 2730 1152 2806 etquenam
1167 2723 1294 2808 lingua;

165 2822 340 2904 praesertim
356 2833 464 2889 autem
479 2822 685 2908 probandum
700 2826 759 2888 erit
775 2836 1039 2909 unumquemque
1056 2823 1175 2887 librum
1189 2827 1297 2909 genui-

165 2945 244 2987 uum
263 2947 330 2988 esse
348 2935 379 2988 et
401 2928 561 2990 sincerum
582 2920 743 3012 iidemque
763 2927 880 2990 mereri
898 2924 985 3010 apud
1008 2947 1119 2990 omncs
1140 2927 1195 3011 qui
1218 2934 1300 2990 sana'

163 3035 297 3090 utuntur
323 3029 458 3092 ratione.
482 3030 518 3092 In
537 3031 760 3094 Introductioue
781 3028 927 3114 pectorali,
950 3028 1088 3092 stabilito
1110 3049 1233 3092 canone
1256 3051 1294 3094 ac
1337 3075 1342 3085 .

163 3129 325 3194 vindicata
348 3132 573 3217 inspiratione,
600 3131 743 3196 divinam
765 3133 859 3197 totius
881 3132 1051 3216 Scriptura
1074 3133 1295 3197 auctoritatem

163 3233 338 3296 universim
351 3233 568 3318 probavimus.
585 3236 735 3300 Humana
747 3257 845 3321 porro
858 3235 927 3320 ejus
941 3235 1112 3298 auctoritas
1125 3257 1144 3298 a
1156 3233 1293 3300 demon-

163 3344 262 3399 strata
285 3344 428 3400 textuum
445 3338 708 3423 primigeniorum
725 3339 962 3422 incorruptione
977 3346 1008 3399 et
1022 3337 1144 3401 sincera
1159 3353 1306 3403 causer:

121 3429 125 3436 ¹
162 3440 292 3502 vatione
309 3439 380 3523 jam
407 3440 507 3504 robur
531 3440 662 3526 aliquod
687 3442 831 3526 accepit,
858 3440 958 3503 fusius
982 3448 1089 3503 autem
1113 3448 1144 3502 et
1165 3441 1290 3524 plenius
1358 3454 1361 3458 '

92 3617 96 3624 ¹
162 3549 275 3604 contra
299 3540 479 3605 incredulos
504 3553 534 3606 et
554 3544 778 3608 Rationalistas
802 3540 1071 3606 demonstrabitur
1094 3541 1125 3603 in
1144 3542 1289 3605 Introdu-

160 3645 257 3706 ctioue
273 3644 406 3728 speciali,
422 3646 532 3732 inqua
549 3649 646 3711 etiam
665 3648 788 3711 solvere
801 3646 989 3711 conabimur
1003 3645 1181 3730 peculiares
1196 3644 1284 3710 diffi-
1301 3650 1305 3657 '

113 3736 119 3753 ⁶
155 3747 308 3837 cultates,
323 3769 395 3833 quae
410 3770 447 3811 ex
460 3750 522 3813 boc
534 3751 584 3813 vel
596 3751 652 3814 illo
666 3749 748 3814 libro
763 3748 985 3813 desumuntur.
1000 3748 1082 3828 Quia
1095 3749 1190 3832 igitur
1202 3758 1285 3812 utra·

160 3868 226 3932 que
246 3850 440 3923 Introductio,
461 3851 610 3934 pennalis
629 3850 777 3916 videlicet
795 3862 826 3914 et
841 3849 990 3935 specialis,
1010 3850 1119 3912 intime
1141 3871 1284 3913 connexa

159 3961 295 4038 est,quae
307 3951 347 4016 de
357 3975 422 4018 una
435 3954 584 4019 dicuntur
595 3957 691 4020 etiam
703 3957 837 4020 alteram
850 3956 1007 4019 illustrant
1019 3963 1050 4017 et
1063 3952 1283 4019 corroborant.

205 4055 236 4116 2.
255 4054 359 4117 Cuivis
382 4055 477 4139 libro,
490 4049 530 4121 >ut
553 4061 773 4123 auctoritatem
790 4057 909 4122 babeat
927 4055 1089 4141 fidemque
1109 4065 1282 4139 mereatur,

159 4155 220 4217 tria
234 4158 418 4221 necessaria
434 4168 507 4222 sunt
522 4181 529 4221 :
548 4160 580 4222 1ο
596 4168 631 4222 ut
648 4161 686 4222 sit
702 4180 863 4244 permortua
883 4178 939 4221 seu
955 4160 1129 4241 pontianum
1148 4158 1179 4219 2⁰
1195 4167 1230 4220 ut
1245 4159 1284 4221 sit

159 4260 300 4341 inteper5
318 4259 351 4321 5⁰
362 4269 397 4322 ut
412 4261 451 4324 sit
465 4263 622 4326 veridicus.

202 4360 235 4425 5.
254 4361 347 4426 Liber
370 4365 423 4428 ille
445 4388 606 4450 perniones
630 4387 684 4430 seu
705 4370 854 4452 petruinus
870 4364 997 4447 dicitur,
1015 4365 1067 4450 qui
1086 4365 1281 4448 conscriptus

784 4458 887 4540 <luo
