3142 4964
447 339 523 383 rsus
543 340 565 381 1.
587 339 680 382 cnrur
698 340 720 381 1.
738 338 775 379 nr
793 338 1015 381 rrnrnrsucno.
1279 321 1300 384 5
1359 398 1361 404 Ι

171 437 339 526 conjugiis,
362 436 403 502 de
420 437 558 524 peceatis
583 435 765 501 carnalibus
786 435 919 521 aliisque
946 436 1143 520 criminibus,
1163 437 1205 502 ad
1228 460 1299 525 quae

170 542 345 608 avertenda
381 539 599 606 decernuntur
633 559 748 624 graves
780 557 880 624 poenae
913 540 1135 626 (XVIII-IIII).
1166 541 1298 606 Librum

171 643 326 711 claudunt
348 645 443 709 variae
460 644 547 728 leges
572 663 643 728 quae
661 640 842 706 sacerdotes
866 652 897 705 et
914 641 1018 707 varias
1041 641 1226 708 Iudaeorum
1244 667 1300 708 so·

171 750 350 813 lemnitatcs
368 747 562 833 respiciunt3
581 743 825 811 observantibus
837 746 895 809 bas
907 746 993 829 leges
1012 745 1098 811 bona
1111 747 1300 832 temporalia

171 853 401 938 promittuntur
417 838 674 935 (XXI-XXVII).
1037 836 1043 848 ’
1164 850 1167 855 ’
1266 928 1268 931 ¹

217 922 362 1060 tfftiher
378 957 581 1020 Numerarem
601 954 740 1038 complet
763 975 801 1016 ea
830 974 900 1038 quae
924 955 956 1017 in
978 953 1088 1019 Exodo
1109 964 1139 1018 ct
1162 955 1300 1019 Levitico

173 1061 314 1146 exposita
327 1065 547 1155 sunt-,pastam
555 1056 662 1147 ,uarius
674 1057 888 1120 Israelitarum
905 1037 1300 1143 pciffiffiiffin-

172 1161 316 1225 nationes
331 1180 433 1247 usque
447 1158 487 1223 ad
501 1158 805 1242 eorum'ingrcssurn
823 1158 855 1221 in
875 1167 995 1222 terram
1010 1160 1212 1244 promissam,
1230 1181 1299 1244 poe-

172 1286 294 1351 nasque
322 1264 427 1327 aDeo
445 1263 580 1327 inflictas
604 1261 646 1326 ob
668 1282 781 1325 corum
811 1261 1073 1346 inobedientiam,
1096 1265 1194 1328 refert
1213 1265 1300 1349 leges

173 1388 254 1453 quas
269 1369 303 1431 in
323 1364 455 1430 diversis
479 1363 723 1429 circumstantiis
745 1365 830 1428 Deus
847 1366 967 1450 populo
987 1387 1043 1429 suo
1068 1357 1179 1469 dedb]
1187 1368 1300 1452 Incipit

171 1478 279 1534 autem
298 1468 340 1533 ab
364 1467 604 1532 enumeratione
631 1468 847 1532 Israelitarum
867 1477 899 1531 et
916 1469 1082 1552 speciatim
1105 1471 1298 1553 Iositarum,

172 1570 289 1657 quibus
318 1570 529 1634 ministerium
552 1570 751 1635 tabernaculi
778 1580 810 1633 at
836 1570 1065 1636 sacrificiorum
1094 1573 1301 1637 committitur

171 1673 289 1760 (I-IV).
314 1674 543 1738 Describuntur
566 1674 617 1737 lex
639 1674 810 1759 zelotypiae,
836 1674 1052 1740 Nazareorum
1076 1678 1297 1760 consecratio,

173 1767 349 1839 oblationes
362 1775 456 1841 saetae
474 1775 507 1838 in
529 1772 730 1839 dedicatione
748 1774 946 1840 tabernaculi
962 1785 992 1840 et
1008 1780 1203 1842 consecratio
1220 1779 1301 1842 Ieri-

171 1886 277 1941 tarum
295 1844 625 1973 (Il-'Vllllssequitur
641 1879 782 1971 narratio
800 1878 1024 1944 celebrationis
1038 1881 1201 1945 Pasebatis
1216 1902 1301 1944 anno

171 1972 470 2064 seeundotagressus
484 2001 522 2043 ex
535 1981 692 2065 AEgypt03
706 1968 817 2065 populi
834 1982 1013 2046 mansiones
1027 1984 1060 2046 in
1075 1981 1200 2047 deserto
1213 1982 1302 2068 ejus-

172 2104 236 2170 que
255 2082 524 2147 murmurationes
540 2082 577 2146 'et
596 2103 697 2166 poenae
720 2082 951 2148 subnectuntur
974 2086 1151 2169 (IX-XIV).
1177 2084 1299 2149 Deinde

172 2185 261 2249 varia
285 2183 456 2275 traduntur
450 2193 636 2279 praecepta
661 2193 692 2247 ct
710 2185 788 2248 ritus
812 2184 928 2278 quibus
945 2187 1141 2253 immiscetur
1159 2177 1299 2253 narratio

173 2286 335 2351 seditionis
352 2274 435 2352 (lore
449 2254 856 2373 (XV-XIX)]Continuatur
873 2289 1003 2352 historia
1018 2291 1220 2353 mansionum
1236 2311 1300 2374 po·

174 2389 242 2474 puli
257 2391 290 2452 in
306 2389 432 2453 deserto
448 2410 456 2452 t
474 2388 633 2453 habentur
651 2389 703 2453 bic
723 2410 815 2453 mors·
829 2391 976 2473 Aaronis,
996 2391 1131 2454 elevatio
1147 2392 1300 2475 serpentis

174 2494 274 2577 aenaei,
299 2493 448 2559 vaticinia
472 2492 627 2576 Balaami,
650 2501 681 2557 et
704 2494 858 2578 praeclara
881 2494 1018 2559 Phineas
1041 2495 1184 2559 facinora
1206 2494 1301 2580 (XX-

1368 1818 1485 1933 asset

172 2594 304 2680 XXIII).
321 2598 444 2661 Rursus
462 2604 667 2660 enumeratur
681 2597 830 2680 populus,
848 2597 926 2661 ritus
938 2598 1174 2663 solemnitatum
1192 2618 1301 2661 rursus
1400 2681 1407 2697 ι

174 2700 386 2784 explicantur,
411 2697 591 2762 Madianitae
613 2695 772 2781 delentur,
796 2698 1007 2784 quadraginta
1030 2697 1102 2764 duaa
1119 2701 1300 2765 mansiones

173 2803 286 2887 populi
302 2803 335 2866 in
350 2801 476 2867 deserto
500 2810 717 2885 recensentur,
734 2810 766 2865 et
782 2800 930 2888 quedam
946 2804 1032 2888 leges
1050 2803 1091 2866 de
1114 2813 1200 2867 terra
1222 2824 1298 2887 pro·

173 2907 332 2993 missionis
348 2903 551 2991 possidenda,
571 2902 657 2968 etde
677 2903 914 2970 hereditatibus
931 2905 1127 2991 adjiciuntur
1146 2906 1299 2992 (XXIIII-
1334 2948 1337 2953 -

40 3099 121 3211 fi«
145 3114 188 3209 ω
218 3010 308 3207 θῇι
323 3115 555 3177 Deuteronomio
570 3084 833 3225 MoysesLmore
858 3113 922 3176 vita
945 3113 1151 3197 migraturus,
1173 3114 1258 3197 leges
1280 3135 1300 3177 a
1450 3162 1459 3189 ,

174 3216 240 3278 Deo
253 3216 332 3279 latas
345 3216 464 3299 populo
476 3236 585 3279 rursus
593 3210 788 3301 baffi-calet,
801 3215 897 3279 Josue
910 3216 942 3278 in
954 3215 1023 3301 ejus
1035 3217 1141 3280 Iocum
1154 3216 1298 3298 suffecto,
1406 3288 1413 3297 ,

174 3316 326 3411 moritur]
336 3319 449 3403 Incipit
461 3327 568 3382 autem
582 3319 864 3383 Deuteronomium
877 3318 919 3382 ab
933 3319 1074 3384 oratione
1089 3339 1152 3405 que
1165 3320 1297 3405 Moyses,

161 3443 259 3487 ‚anno
277 3420 522 3507 quadragesimo
545 3431 615 3507 post
632 3443 794 3507 egressum
814 3445 854 3487 ex
881 3426 1028 3509 AEgypto,
1053 3426 1086 3487 in
1111 3425 1299 3487 memoriam

173 3526 284 3610 populi
298 3526 459 3589 revocavit
475 3524 631 3589 beneficia
645 3548 664 3589 a
680 3528 746 3589 Deo
764 3526 914 3590 Israelitis
931 3528 1045 3590 collata
1059 3526 1176 3612 (I-IV).
1191 3524 1299 3603 Altera

30 4266 47 4324 .·

175 3629 320 3692 oratione
330 3626 404 3691 forti
416 3637 446 3692 et
460 3629 588 3713 copiosa
602 3627 792 3713 decalogum
803 3650 912 3691 rursus
924 3632 1116 3714 promulgat,
1129 3627 1300 3693 colendum

174 3728 267 3795 docet
289 3752 403 3794 verum
426 3732 529 3795 Deum
552 3740 584 3795 et
608 3729 757 3816 fugienda
784 3729 872 3795 idola
885 3731 1045 3815 (v-V11);
1071 3742 1302 3795 commemorat

175 3835 329 3899 benefida
343 3844 374 3899 et
391 3830 576 3900 afflictiones
594 3836 741 3899 Israelitis
757 3857 777 3898 a
789 3836 856 3899 Deo
871 3835 1011 3899 immissa
1028 3859 1038 3916 3
1056 3832 1207 3898 mandata
1228 3856 1300 3898 ser-

176 3937 321 4002 vantibus
337 3937 493 4023 promittit
508 3935 757 4019 benedictiones,
780 3935 1085 4021 transgredientibus
1100 3957 1177 3999 vero
1194 3936 1300 4000 male-

176 4038 328 4105 dictiones
342 4039 508 4125 (Vnt-xl)
523 4064 531 4123 3
543 4038 639 4126 jubet
652 4038 836 4104 idololatras
849 4040 1052 4103 exterminari
1069 4048 1100 4102 et
1116 4038 1218 4103 occidi
1235 4039 1301 4103 fal-

175 4165 223 4209 sos
238 4146 412 4229 propbetas
440 4142 655 4212 idololatriam
681 4142 850 4208 suadentes
869 4143 1069 4227 (XII-XIIIl3
1101 4143 1243 4228 praecipit
1265 4152 1301 4205 ut

175 4247 354 4312 abstineant
373 4246 415 4311 ab
428 4268 483 4311 esu
500 4246 687 4310 animalium
705 4245 957 4328 immundorum,
973 4244 1081 4309 debita
1098 4267 1182 4309 anno
1200 4246 1299 4328 septi-

171 4370 225 4415 mo
242 4350 409 4416 remittant
426 4368 598 4436 servosque
618 4347 765 4433 liberent,
786 4359 882 4434 atque
903 4350 1101 4434 praescriptas
1117 4349 1302 4413 festivitates
