3166 4958
389 337 464 379 raas
479 336 514 378 11.
531 328 623 377 aanor
639 336 674 378 11.
695 335 733 377 nn
748 320 915 379 avarunmo
927 341 953 380 s.
972 338 1078 380 usam.
1233 294 1307 401 ΞΥ»

171 444 259 519 gesta
271 434 425 500 antdicte
440 435 609 521 diligenter
627 456 690 499 non
705 445 813 500 tamen
830 433 942 499 ordine
956 436 1166 521 exscripsisse.
1185 428 1296 520 Neque

172 536 258 600 enim
274 539 343 622 ipse
355 534 528 602 Dominum
546 535 713 601 audiverat
726 546 780 601 ant
796 546 932 600 sectatus
943 537 1048 601 fuerat
1062 558 1218 623 unquam.
1233 533 1296 599 Sed

172 658 246 703 curn
269 639 376 721 Petro,
401 648 437 703 ut
457 637 534 722 dixi,
557 647 665 725 postea
689 648 831 703 versatus
855 647 912 722 est,
939 640 993 725 qui
1016 660 1074 725 pro
1089 637 1295 703 'audientium

147 729 316 836 utilium,
342 764 406 806 non
423 747 500 808 vero
516 753 550 807 nt
573 763 757 807 sermonum
774 742 901 806 Domini
918 742 1084 807 historiam
1099 749 1293 824 contexeret,
1401 764 1404 771 ·

170 834 385 929 Evangelium·
402 844 608 930 predicabat.
635 845 791 927 Quocirca
811 845 890 909 nihil
913 845 1058 930 peccavit
1080 845 1216 926 Marcus,
1239 844 1294 929 qui

172 948 325 1010 nonnulla
341 949 382 1013 ita
399 949 533 1034 scripsit,
554 957 649 1034 prout
663 950 730 1034 ipse
747 949 903 1012 memoria
920 947 1096 1033 repetebat.
1122 945 1161 1010 Id
1175 947 1294 1032 quippe

155 1047 271 1113 'unum
295 1036 453 1132 mehor,
472 1072 512 1115 ne
530 1048 608 1137 quid
626 1071 736 1115 eorum
764 1070 835 1135 quae
858 1048 1003 1114 audierat
1026 1048 1290 1139 pretermitteret,

122 1148 123 1152 ’
170 1152 226 1216 aut
244 1144 378 1241 nequid
392 1155 464 1218 falsi
480 1154 524 1218 eis
539 1152 715 1238 affingeret.
735 1180 749 1215 r

205 1258 244 1320 d.
264 1258 410 1323 Clemens
424 1257 659 1322 Alexandrinus
670 1258 731 1344 (l),
749 1267 918 1344 postquam
935 1256 1013 1321 dixit
1025 1257 1124 1321 Marci
1142 1258 1292 1340 Evange-

167 1352 248 1425 linrn
271 1370 342 1445 post
375 1359 456 1424 illud
485 1362 578 1425 Lucae
600 1362 815 1446 conscriptum
839 1360 960 1442 fuisse,
987 1361 1019 1422 in
1048 1380 1155 1444 quoa
1180 1359 1292 1422 ceteris

168 1463 307 1548 antiquis
325 1462 442 1547 differt,
459 1464 527 1528 aits
545 1488 559 1525 a
574 1463 654 1529 Cum
667 1466 779 1528 Petrus
801 1465 834 1527 in
858 1462 939 1527 urbe
963 1464 1067 1527 Roma
1082 1460 1217 1527 verbum
1233 1462 1291 1525 Dei

168 1564 296 1650 publice
313 1563 521 1650 ⁴praedicasset
539 1574 571 1633 et
589 1566 708 1651 Spiritu
724 1576 833 1631 sancto
849 1564 972 1630 afflatus
988 1565 1198 1650 Evangelium
1214 1586 1291 1650 pro·

167 1669 350 1754 mulgasset,
368 1670 461 1734 multi
484 1671 540 1756 qui
566 1669 700 1735 aderant
725 1672 868 1735 Marcum
894 1669 1050 1734 cohortati
1076 1678 1159 1752 sunt,
1181 1677 1291 1753 utpote

166 1773 368 1859 qniPetr-um
379 1772 573 1859 jamdudum
594 1782 730 1838 sectatus
751 1773 861 1838 fuisset
885 1782 915 1837 et
940 1771 1024 1836 dicta
1042 1770 1111 1857 ejus
1135 1772 1290 1836 memoria

166 1885 310 1961 teneret,
345 1888 380 1941 ut
395 1880 396 1886 ’
410 1899 482 1965 qna
507 1878 550 1942 ab
574 1877 726 1963 Apostolo
749 1876 920 1964 praedicata
947 1885 1038 1941 crant
1062 1874 1287 1940 conscriberet.

165 1979 291 2044 Marcus
308 1981 403 2066 igitur
419 1982 630 2066 Evangeliam
647 1981 835 2065 composuit,
853 1981 954 2065 iisque
972 1979 1026 2064 qui
1050 1975 1129 2041 illud
1157 1976 1199 2040 ab
1220 1978 1288 2061 ipso

164 2082 323 2167 rogabant
346 2083 508 2168 impertiit.
529 2082 625 2165 Quod
648 2104 722 2148 cum
736 2085 848 2147 Petrus
865 2082 1080 2167 comperisset,
1099 2102 1158 2146 nec
1174 2083 1288 2165 prohi-

163 2183 234 2248 buit
249 2186 380 2250 omnino
392 2208 462 2250 rem
481 2187 563 2271 fieri,
578 2208 637 2252 nec
651 2187 787 2251 utfieret
805 2187 962 2251 incitavit·
978 2211 993 2246 a
1013 2185 1165 2266 Quamvis
1180 2193 1288 2249 autem

126 2332 135 2344 .
163 2284 196 2349 S.
224 2286 336 2350 Petrus
363 2289 507 2353 Marcum
538 2288 580 2353 ad
611 2286 815 2382 scribendum
839 2310 903 2353 non
926 2288 1119 2369 incitaverit,
1147 2296 1288 2350 adaman

162 2398 332 2474 postquam
357 2392 482 2456 Marcus
499 2392 681 2477 scripsisset,
702 2392 854 2477 scriptum
876 2390 1078 2476 approbavit,
1100 2396 1136 2453 ut
1159 2388 1288 2454 tradunt

161 2492 319 2556 Eusebius
331 2502 362 2558 et
374 2493 597 2581 Hieronymus.

121 2668 124 2673 ,
204 2596 240 2660 ὕ.
260 2596 414 2661 Eusebius
426 2599 474 2685 (ἢ)
495 2600 591 2665 refert
607 2621 617 2663 ε
634 2624 649 2659 a
667 2602 830 2665 Romanos
853 2599 944 2664 enixe
967 2619 1113 2663 exorasse
1128 2598 1284 2682 Marcum,

161 2699 248 2762 Petri
275 2709 475 2785 sectatorem,
500 2712 535 2766 nt
552 2701 704 2767 doctrina
719 2703 815 2787 illius,
834 2724 932 2789 quam
954 2701 1066 2767 auditu
1082 2712 1284 2787 acceperant,

162 2802 318 2886 scriptum
333 2802 466 2889 aliquod
483 2815 730 2869 monumentum
742 2804 830 2890 apud
846 2824 879 2869 se
898 2806 1103 2890 relinqueret.
1118 2804 1183 2867 Nec
1199 2805 1286 2888 prius

161 2901 351 2968 destiterunt
361 2925 460 2991 quam
476 2906 639 2970 hominem
653 2917 886 2992 expugnassent
903 2917 1112 2991 sudoresque
1125 2905 1285 2970 scribendi

159 3005 258 3089 illius,
284 3007 372 3094 quod
385 3007 564 3073 seeundum
579 3011 726 3077 Marcum
740 3008 867 3091 dicitur,
894 3008 1057 3093 Evangelii
1084 3008 1280 3072 exstitissent.

161 3107 258 3190 Quod
284 3131 358 3174 cnm
383 3112 496 3176 Petrus
520 3134 580 3198 per
601 3114 829 3178 revelationem
855 3113 887 3175 S.
915 3112 1047 3196 Spiritus
1074 3111 1282 3194 cogno-visset,

136 3243 138 3246 ⁴
160 3209 340 3281 delectatus
348 3213 472 3279 ardenti
484 3215 652 3280 hominum
667 3215 783 3299 studio,
794 3215 913 3279 librum
925 3215 1017 3278 illum
1028 3213 1214 3278 auctoritate
1227 3233 1285 3277 sua

161 3314 390 3398 cosnprobasse
400 3315 527 3400 dicitur,
536 3327 572 3381 ut
583 3316 734 3405 deinceps
747 3319 782 3381 in
793 3318 936 3385 ecclesiis
948 3318 1117 3402 legeretur.
1133 3316 1285 3380 Refertur

115 3457 118 3463 ,
160 3412 232 3478 ida
259 3416 425 3483 Clemente
447 3420 479 3484 ia
509 3429 599 3484 sexto
621 3421 857 3485 Instimtionum
876 3420 971 3485 libro.
993 3419 1050 3485 Cui
1074 3419 1160 3482 tastis
1187 3419 1282 3482 ctiam

24 3520 30 3537 '
159 3515 291 3581 accedit
300 3519 416 3604 Papias
430 3521 689 3608 Hierapolitanos
708 3525 886 3609 episcopus.
909 3549 923 3584 »
944 3523 1021 3588 liare
1045 3521 1113 3586 fere
1136 3521 1284 3585 exscribit

35 3638 40 3643 ·
158 3620 373 3707 Hieronymus
392 3624 441 3710 (5)
467 3646 475 3688 t
504 3650 518 3685 «
544 3627 681 3710 blancus,
706 3628 831 3713 inquit,
867 3625 1044 3712 discipulus
1067 3636 1098 3689 et
1127 3627 1283 3709 interpres

157 3724 256 3807 Patri,
267 3725 360 3811 juxta
377 3726 465 3813 quod
485 3728 615 3793 Petrum
635 3730 827 3794 referentem
851 3728 1007 3812 audierat,
1023 3737 1152 3813 rugatus
1171 3728 1283 3790 Roma

157 3849 178 3891 a
192 3828 344 3894 fratribus
360 3830 458 3896 breve
474 3832 597 3917 scripsit
609 3834 828 3919 Evangelinm.
847 3831 940 3915 Quod
957 3854 1031 3897 cum
1047 3833 1160 3895 Petrus
1170 3827 1282 3893 audis-

156 3940 207 3995 set
227 3933 379 4017 pcobavit
409 3945 442 4000 et
469 3938 610 4002 ecelesiis
634 3936 807 4023 legendum
834 3960 891 4002 sua
922 3938 1108 4003 auctoritate
1136 3932 1279 3998 dedit...

190 4182 227 4248 (l)
241 4184 288 4248 Ap.
307 4185 392 4238 Euseh
406 4223 413 4249 ,
429 4189 496 4240 Hist.
512 4187 582 4240 Eccl.
598 4189 639 4252 Vl,
651 4191 692 4242 ll.

191 4264 436 4333 &thiatbretlt
450 4272 491 4322 rs

190 4346 227 4411 (ὅ)
241 4346 277 4399 De
290 4347 342 4401 vir.
359 4349 396 4400 ru.
412 4351 437 4403 8.
449 4350 501 4403 cfr.
514 4352 585 4405 Prot.
599 4353 628 4404 in
638 4353 749 4415 Madd:
764 4354 847 4420 trist.
863 4355 903 4408 od
912 4353 1007 4411 mett..
