<?xml version="1.0" encoding="UTF-8"?>
<!DOCTYPE html PUBLIC "-//W3C//DTD XHTML 1.0 Transitional//EN"
    "http://www.w3.org/TR/xhtml1/DTD/xhtml1-transitional.dtd">
<html xmlns="http://www.w3.org/1999/xhtml" xml:lang="en" lang="en">
 <head>
  <title>
</title>
<meta http-equiv="Content-Type" content="text/html;charset=utf-8" />
  <meta name='ocr-system' content='tesseract 3.04.00' />
  <meta name='ocr-capabilities' content='ocr_page ocr_carea ocr_par ocr_line ocrx_word'/>
</head>
<body>
  <div class='ocr_page' id='page_1' title='image "./introductioinsa00lamygoog/introductioinsa00lamygoog_0138.png"; bbox 0 0 3132 4964; ppageno 0'>
   <div class='ocr_carea' id='block_1_1' title="bbox 392 278 1314 343">
    <p class='ocr_par' dir='ltr' id='par_1_1' title="bbox 392 278 1314 343">
     <span class='ocr_line' id='line_1_1' title="bbox 392 278 1314 343; baseline -0.001 0"><span class='ocrx_word' id='word_1_1' title='bbox 392 300 468 343; x_wconf 81' lang='lat' dir='ltr'>raus</span> <span class='ocrx_word' id='word_1_2' title='bbox 483 301 506 342; x_wconf 88' lang='lat'>1.</span> <span class='ocrx_word' id='word_1_3' title='bbox 521 298 615 340; x_wconf 78' lang='lat' dir='ltr'>csrur</span> <span class='ocrx_word' id='word_1_4' title='bbox 630 298 682 340; x_wconf 84' lang='lat' dir='ltr'>xv.</span> <span class='ocrx_word' id='word_1_5' title='bbox 701 297 739 338; x_wconf 81' lang='lat' dir='ltr'>ua</span> <span class='ocrx_word' id='word_1_6' title='bbox 751 296 876 340; x_wconf 79' lang='lat' dir='ltr'>cnurrco</span> <span class='ocrx_word' id='word_1_7' title='bbox 892 297 1095 341; x_wconf 80' lang='lat' dir='ltr'>caurroouuu.</span> <span class='ocrx_word' id='word_1_8' title='bbox 1252 278 1314 342; x_wconf 71' lang='lat'>129</span> 
     </span>
    </p>
   </div>
   <div class='ocr_carea' id='block_1_2' title="bbox 101 395 1318 2025">
    <p class='ocr_par' dir='ltr' id='par_1_2' title="bbox 179 395 1317 1490">
     <span class='ocr_line' id='line_1_2' title="bbox 179 395 1313 480; baseline -0.007 -13"><span class='ocrx_word' id='word_1_9' title='bbox 179 401 316 467; x_wconf 84' lang='lat' dir='ltr'>Evvaldo</span> <span class='ocrx_word' id='word_1_10' title='bbox 333 400 523 464; x_wconf 90' lang='lat' dir='ltr'>infirmiores</span> <span class='ocrx_word' id='word_1_11' title='bbox 542 395 699 460; x_wconf 90' lang='lat' dir='ltr'>videntur.</span> <span class='ocrx_word' id='word_1_12' title='bbox 722 396 794 480; x_wconf 85' lang='lat' dir='ltr'>Ipse</span> <span class='ocrx_word' id='word_1_13' title='bbox 818 405 924 458; x_wconf 88' lang='lat' dir='ltr'>autem</span> <span class='ocrx_word' id='word_1_14' title='bbox 948 396 1113 460; x_wconf 82' lang='lat' dir='ltr'>Canticum</span> <span class='ocrx_word' id='word_1_15' title='bbox 1131 396 1313 460; x_wconf 89' lang='lat' dir='ltr'>coniectum</span> 
     </span>
     <span class='ocr_line' id='line_1_3' title="bbox 181 498 1315 590; baseline -0.006 -22"><span class='ocrx_word' id='word_1_16' title='bbox 181 514 278 590; x_wconf 87' lang='lat' dir='ltr'>putat</span> <span class='ocrx_word' id='word_1_17' title='bbox 304 502 461 586; x_wconf 88' lang='lat' dir='ltr'>octoginta</span> <span class='ocrx_word' id='word_1_18' title='bbox 485 501 611 565; x_wconf 81' lang='lat' dir='ltr'>circiter</span> <span class='ocrx_word' id='word_1_19' title='bbox 633 499 723 562; x_wconf 92' lang='lat' dir='ltr'>annis</span> <span class='ocrx_word' id='word_1_20' title='bbox 746 508 817 583; x_wconf 93' lang='lat' dir='ltr'>post</span> <span class='ocrx_word' id='word_1_21' title='bbox 837 498 1054 563; x_wconf 86' lang='lat' dir='ltr'><strong>Salomonem.</strong></span> <span class='ocrx_word' id='word_1_22' title='bbox 1078 500 1140 563; x_wconf 90' lang='lat' dir='ltr'>Cur</span> <span class='ocrx_word' id='word_1_23' title='bbox 1160 521 1225 563; x_wconf 91' lang='lat' dir='ltr'>non</span> <span class='ocrx_word' id='word_1_24' title='bbox 1247 500 1315 583; x_wconf 90' lang='lat' dir='ltr'>ipsa</span> 
     </span>
     <span class='ocr_line' id='line_1_4' title="bbox 182 600 1315 685; baseline -0.005 -14"><span class='ocrx_word' id='word_1_25' title='bbox 182 607 367 671; x_wconf 91' lang='lat' dir='ltr'>Salomonis</span> <span class='ocrx_word' id='word_1_26' title='bbox 379 603 485 668; x_wconf 76' lang='lat' dir='ltr'>aetate?</span> <span class='ocrx_word' id='word_1_27' title='bbox 493 603 570 666; x_wconf 90' lang='lat' dir='ltr'>Silet</span> <span class='ocrx_word' id='word_1_28' title='bbox 582 600 741 666; x_wconf 85' lang='lat' dir='ltr'>Eualdus.</span> <span class='ocrx_word' id='word_1_29' title='bbox 757 600 820 665; x_wconf 89' lang='lat' dir='ltr'>Sed</span> <span class='ocrx_word' id='word_1_30' title='bbox 832 603 913 665; x_wconf 91' lang='lat' dir='ltr'>alius</span> <span class='ocrx_word' id='word_1_31' title='bbox 922 604 1142 685; x_wconf 87' lang='lat' dir='ltr'>Rationalista,</span> <span class='ocrx_word' id='word_1_32' title='bbox 1154 604 1199 666; x_wconf 90' lang='lat' dir='ltr'>De</span> <span class='ocrx_word' id='word_1_33' title='bbox 1209 604 1315 667; x_wconf 91' lang='lat' dir='ltr'>Wette</span> 
     </span>
     <span class='ocr_line' id='line_1_5' title="bbox 183 705 1315 793; baseline -0.004 -21"><span class='ocrx_word' id='word_1_34' title='bbox 183 730 316 793; x_wconf 86' lang='lat' dir='ltr'>nempe,</span> <span class='ocrx_word' id='word_1_35' title='bbox 331 728 450 792; x_wconf 90' lang='lat' dir='ltr'>anceps</span> <span class='ocrx_word' id='word_1_36' title='bbox 468 707 566 769; x_wconf 83' lang='lat' dir='ltr'>haeret</span> <span class='ocrx_word' id='word_1_37' title='bbox 582 715 612 768; x_wconf 91' lang='lat' dir='ltr'>et</span> <span class='ocrx_word' id='word_1_38' title='bbox 632 705 749 768; x_wconf 86' lang='lat' dir='ltr'>latetur</span> <span class='ocrx_word' id='word_1_39' title='bbox 772 705 926 790; x_wconf 82' lang='lat' dir='ltr'>imagines</span> <span class='ocrx_word' id='word_1_40' title='bbox 946 716 1042 791; x_wconf 90' lang='lat' dir='ltr'>atque</span> <span class='ocrx_word' id='word_1_41' title='bbox 1059 708 1129 770; x_wconf 72' lang='lat' dir='ltr'>vitre</span> <span class='ocrx_word' id='word_1_42' title='bbox 1145 706 1315 770; x_wconf 79' lang='lat' dir='ltr'>relationes</span> 
     </span>
     <span class='ocr_line' id='line_1_6' title="bbox 184 807 1316 893; baseline -0.004 -17"><span class='ocrx_word' id='word_1_43' title='bbox 184 815 231 876; x_wconf 89' lang='lat' dir='ltr'>ita</span> <span class='ocrx_word' id='word_1_44' title='bbox 253 809 357 874; x_wconf 89' lang='lat' dir='ltr'>vivide</span> <span class='ocrx_word' id='word_1_45' title='bbox 386 808 515 893; x_wconf 80' lang='lat' dir='ltr'>depingi</span> <span class='ocrx_word' id='word_1_46' title='bbox 544 816 579 870; x_wconf 91' lang='lat' dir='ltr'>ut</span> <span class='ocrx_word' id='word_1_47' title='bbox 603 816 727 870; x_wconf 85' lang='lat' dir='ltr'>aetatcm</span> <span class='ocrx_word' id='word_1_48' title='bbox 750 807 928 872; x_wconf 87' lang='lat' dir='ltr'>Salomonis</span> <span class='ocrx_word' id='word_1_49' title='bbox 959 807 1109 892; x_wconf 85' lang='lat' dir='ltr'>prodant.</span> <span class='ocrx_word' id='word_1_50' title='bbox 1139 810 1177 872; x_wconf 84' lang='lat' dir='ltr'>Et</span> <span class='ocrx_word' id='word_1_51' title='bbox 1203 829 1316 872; x_wconf 88' lang='lat' dir='ltr'>revera</span> 
     </span>
     <span class='ocr_line' id='line_1_7' title="bbox 184 909 1313 995; baseline -0.005 -17"><span class='ocrx_word' id='word_1_52' title='bbox 184 913 353 978; x_wconf 85' lang='lat' dir='ltr'>Canticum</span> <span class='ocrx_word' id='word_1_53' title='bbox 370 910 466 974; x_wconf 89' lang='lat' dir='ltr'>fuisse</span> <span class='ocrx_word' id='word_1_54' title='bbox 491 909 534 972; x_wconf 91' lang='lat' dir='ltr'>ab</span> <span class='ocrx_word' id='word_1_55' title='bbox 558 909 626 993; x_wconf 89' lang='lat' dir='ltr'>ipso</span> <span class='ocrx_word' id='word_1_56' title='bbox 650 910 832 992; x_wconf 89' lang='lat' dir='ltr'>Salomone,</span> <span class='ocrx_word' id='word_1_57' title='bbox 859 911 913 994; x_wconf 91' lang='lat' dir='ltr'>qui</span> <span class='ocrx_word' id='word_1_58' title='bbox 937 910 1038 973; x_wconf 92' lang='lat' dir='ltr'>multa</span> <span class='ocrx_word' id='word_1_59' title='bbox 1060 911 1202 974; x_wconf 91' lang='lat' dir='ltr'>carmina</span> <span class='ocrx_word' id='word_1_60' title='bbox 1227 909 1313 995; x_wconf 82' lang='lat' dir='ltr'>iecit,</span> 
     </span>
     <span class='ocr_line' id='line_1_8' title="bbox 185 1010 1313 1099; baseline -0.004 -19"><span class='ocrx_word' id='word_1_61' title='bbox 185 1015 411 1099; x_wconf 89' lang='lat' dir='ltr'>compositum,</span> <span class='ocrx_word' id='word_1_62' title='bbox 427 1021 575 1076; x_wconf 86' lang='lat' dir='ltr'>constans</span> <span class='ocrx_word' id='word_1_63' title='bbox 593 1020 639 1074; x_wconf 89' lang='lat' dir='ltr'>est</span> <span class='ocrx_word' id='word_1_64' title='bbox 657 1010 841 1075; x_wconf 80' lang='lat' dir='ltr'>ludaeorum</span> <span class='ocrx_word' id='word_1_65' title='bbox 862 1021 893 1074; x_wconf 89' lang='lat' dir='ltr'>et</span> <span class='ocrx_word' id='word_1_66' title='bbox 906 1013 1156 1076; x_wconf 89' lang='lat' dir='ltr'>Christianorum</span> <span class='ocrx_word' id='word_1_67' title='bbox 1175 1011 1313 1095; x_wconf 89' lang='lat' dir='ltr'>traditio,</span> 
     </span>
     <span class='ocr_line' id='line_1_9' title="bbox 185 1115 1315 1206; baseline -0.002 -24"><span class='ocrx_word' id='word_1_68' title='bbox 185 1141 260 1206; x_wconf 89' lang='lat' dir='ltr'>quae</span> <span class='ocrx_word' id='word_1_69' title='bbox 276 1118 404 1181; x_wconf 89' lang='lat' dir='ltr'>firmum</span> <span class='ocrx_word' id='word_1_70' title='bbox 421 1117 521 1181; x_wconf 88' lang='lat' dir='ltr'>hahet</span> <span class='ocrx_word' id='word_1_71' title='bbox 535 1117 568 1179; x_wconf 91' lang='lat' dir='ltr'>in</span> <span class='ocrx_word' id='word_1_72' title='bbox 586 1117 654 1201; x_wconf 81' lang='lat' dir='ltr'>ipso</span> <span class='ocrx_word' id='word_1_73' title='bbox 671 1117 761 1180; x_wconf 92' lang='lat' dir='ltr'>titulo</span> <span class='ocrx_word' id='word_1_74' title='bbox 777 1115 1035 1181; x_wconf 84' lang='lat' dir='ltr'>fundamentum.</span> <span class='ocrx_word' id='word_1_75' title='bbox 1055 1119 1171 1182; x_wconf 85' lang='lat' dir='ltr'>Contra</span> <span class='ocrx_word' id='word_1_76' title='bbox 1184 1137 1315 1203; x_wconf 89' lang='lat' dir='ltr'>gravem</span> 
     </span>
     <span class='ocr_line' id='line_1_10' title="bbox 185 1218 1317 1305; baseline -0.003 -20"><span class='ocrx_word' id='word_1_77' title='bbox 185 1221 364 1285; x_wconf 85' lang='lat' dir='ltr'>traditionis</span> <span class='ocrx_word' id='word_1_78' title='bbox 388 1229 419 1284; x_wconf 92' lang='lat' dir='ltr'>et</span> <span class='ocrx_word' id='word_1_79' title='bbox 434 1220 531 1304; x_wconf 91' lang='lat' dir='ltr'>ipsius</span> <span class='ocrx_word' id='word_1_80' title='bbox 548 1218 705 1283; x_wconf 55' lang='lat' dir='ltr'>carminis*</span> <span class='ocrx_word' id='word_1_81' title='bbox 719 1219 940 1283; x_wconf 87' lang='lat' dir='ltr'>auctoritatem</span> <span class='ocrx_word' id='word_1_82' title='bbox 961 1220 1135 1304; x_wconf 82' lang='lat' dir='ltr'>praevalere</span> <span class='ocrx_word' id='word_1_83' title='bbox 1153 1228 1317 1305; x_wconf 89' lang='lat' dir='ltr'>nequeunt</span> 
     </span>
     <span class='ocr_line' id='line_1_11' title="bbox 185 1319 1316 1408; baseline -0.002 -22"><span class='ocrx_word' id='word_1_84' title='bbox 185 1324 323 1386; x_wconf 90' lang='lat' dir='ltr'>leviores</span> <span class='ocrx_word' id='word_1_85' title='bbox 342 1319 491 1405; x_wconf 85' lang='lat' dir='ltr'>quaedam</span> <span class='ocrx_word' id='word_1_86' title='bbox 508 1320 694 1384; x_wconf 79' lang='lat' dir='ltr'>ratiunculae</span> <span class='ocrx_word' id='word_1_87' title='bbox 716 1321 899 1404; x_wconf 77' lang='lat' dir='ltr'>excogitata</span> <span class='ocrx_word' id='word_1_88' title='bbox 920 1342 938 1383; x_wconf 94' lang='lat' dir='ltr'>a</span> <span class='ocrx_word' id='word_1_89' title='bbox 957 1321 1031 1384; x_wconf 90' lang='lat' dir='ltr'>viris</span> <span class='ocrx_word' id='word_1_90' title='bbox 1052 1323 1106 1408; x_wconf 92' lang='lat' dir='ltr'>qui</span> <span class='ocrx_word' id='word_1_91' title='bbox 1127 1344 1160 1386; x_wconf 91' lang='lat' dir='ltr'>se</span> <span class='ocrx_word' id='word_1_92' title='bbox 1179 1321 1316 1384; x_wconf 89' lang='lat' dir='ltr'>invicem</span> 
     </span>
     <span class='ocr_line' id='line_1_12' title="bbox 186 1411 516 1490; baseline -0.009 -1"><span class='ocrx_word' id='word_1_93' title='bbox 186 1426 367 1490; x_wconf 86' lang='lat' dir='ltr'>confutant.</span> <span class='ocrx_word' id='word_1_94' title='bbox 513 1411 516 1418; x_wconf 41' lang='lat'>¹</span> 
     </span>
    </p>

    <p class='ocr_par' dir='ltr' id='par_1_3' title="bbox 101 1523 1318 2025">
     <span class='ocr_line' id='line_1_13' title="bbox 232 1523 1316 1594; baseline 0.003 -3"><span class='ocrx_word' id='word_1_95' title='bbox 232 1530 264 1591; x_wconf 80' lang='lat'>5.</span> <span class='ocrx_word' id='word_1_96' title='bbox 279 1530 443 1593; x_wconf 81' lang='lat' dir='ltr'>Divinitas.</span> <span class='ocrx_word' id='word_1_97' title='bbox 458 1529 623 1594; x_wconf 87' lang='lat' dir='ltr'>Canticum</span> <span class='ocrx_word' id='word_1_98' title='bbox 637 1527 834 1591; x_wconf 89' lang='lat' dir='ltr'>canticorum</span> <span class='ocrx_word' id='word_1_99' title='bbox 846 1523 1070 1589; x_wconf 59' lang='lat' dir='ltr'>esse‘divinum</span> <span class='ocrx_word' id='word_1_100' title='bbox 1082 1536 1113 1590; x_wconf 91' lang='lat' dir='ltr'>et</span> <span class='ocrx_word' id='word_1_101' title='bbox 1125 1530 1316 1594; x_wconf 89' lang='lat' dir='ltr'>canonicum</span> 
     </span>
     <span class='ocr_line' id='line_1_14' title="bbox 185 1626 1316 1747; baseline 0.004 -56"><span class='ocrx_word' id='word_1_102' title='bbox 185 1630 348 1694; x_wconf 90' lang='lat' dir='ltr'>unanimis</span> <span class='ocrx_word' id='word_1_103' title='bbox 366 1641 413 1694; x_wconf 92' lang='lat' dir='ltr'>est</span> <span class='ocrx_word' id='word_1_104' title='bbox 429 1630 615 1696; x_wconf 72' lang='lat' dir='ltr'>ludaeorum</span> <span class='ocrx_word' id='word_1_105' title='bbox 633 1638 663 1694; x_wconf 89' lang='lat' dir='ltr'>et</span> <span class='ocrx_word' id='word_1_106' title='bbox 678 1629 928 1693; x_wconf 88' lang='lat' dir='ltr'>Christianorum</span> <span class='ocrx_word' id='word_1_107' title='bbox 947 1626 1190 1747; x_wconf 74' lang='lat' dir='ltr'>uaditt0.(01im</span> <span class='ocrx_word' id='word_1_108' title='bbox 1209 1642 1316 1696; x_wconf 89' lang='lat' dir='ltr'>tamen</span> 
     </span>
     <span class='ocr_line' id='line_1_15' title="bbox 186 1730 1317 1818; baseline 0.004 -24"><span class='ocrx_word' id='word_1_109' title='bbox 186 1732 322 1818; x_wconf 85' lang='lat' dir='ltr'>quidam</span> <span class='ocrx_word' id='word_1_110' title='bbox 345 1732 579 1818; x_wconf 86' lang='lat' dir='ltr'>apudJudaeos</span> <span class='ocrx_word' id='word_1_111' title='bbox 599 1730 747 1795; x_wconf 85' lang='lat' dir='ltr'>ridentur</span> <span class='ocrx_word' id='word_1_112' title='bbox 770 1730 942 1794; x_wconf 88' lang='lat' dir='ltr'>dubitasse.</span> <span class='ocrx_word' id='word_1_113' title='bbox 968 1731 1084 1795; x_wconf 89' lang='lat' dir='ltr'>Contra</span> <span class='ocrx_word' id='word_1_114' title='bbox 1107 1755 1187 1818; x_wconf 92' lang='lat' dir='ltr'>quos</span> <span class='ocrx_word' id='word_1_115' title='bbox 1210 1735 1317 1799; x_wconf 91' lang='lat' dir='ltr'>Rahbi</span> 
     </span>
     <span class='ocr_line' id='line_1_16' title="bbox 186 1833 1313 1923; baseline 0.001 -25"><span class='ocrx_word' id='word_1_116' title='bbox 186 1834 294 1901; x_wconf 69' lang='lat' dir='ltr'>attha</span> <span class='ocrx_word' id='word_1_117' title='bbox 314 1845 345 1898; x_wconf 93' lang='lat' dir='ltr'>et</span> <span class='ocrx_word' id='word_1_118' title='bbox 374 1835 480 1900; x_wconf 86' lang='lat' dir='ltr'>Rabbi</span> <span class='ocrx_word' id='word_1_119' title='bbox 508 1836 638 1899; x_wconf 89' lang='lat' dir='ltr'>Simeon</span> <span class='ocrx_word' id='word_1_120' title='bbox 668 1833 748 1897; x_wconf 94' lang='lat' dir='ltr'>illud</span> <span class='ocrx_word' id='word_1_121' title='bbox 771 1835 1002 1898; x_wconf 88' lang='lat' dir='ltr'>sanctissimum</span> <span class='ocrx_word' id='word_1_122' title='bbox 1026 1833 1231 1899; x_wconf 89' lang='lat' dir='ltr'>declararunt</span> <span class='ocrx_word' id='word_1_123' title='bbox 1253 1836 1313 1923; x_wconf 86' lang='lat' dir='ltr'>(l).</span> 
     </span>
     <span class='ocr_line' id='line_1_17' title="bbox 101 1932 1318 2025; baseline 0.002 -24"><span class='ocrx_word' id='word_1_124' title='bbox 101 1932 105 1935; x_wconf 62' lang='grc'><strong>’</strong></span> <span class='ocrx_word' id='word_1_125' title='bbox 186 1940 221 2002; x_wconf 91' lang='lat' dir='ltr'>S.</span> <span class='ocrx_word' id='word_1_126' title='bbox 244 1940 430 2003; x_wconf 90' lang='lat' dir='ltr'>Philastrius</span> <span class='ocrx_word' id='word_1_127' title='bbox 460 1938 665 2025; x_wconf 84' lang='lat' dir='ltr'>reprehendit</span> <span class='ocrx_word' id='word_1_128' title='bbox 696 1940 792 2002; x_wconf 90' lang='lat' dir='ltr'>etiam</span> <span class='ocrx_word' id='word_1_129' title='bbox 822 1937 992 2023; x_wconf 90' lang='lat' dir='ltr'>quosdam,</span> <span class='ocrx_word' id='word_1_130' title='bbox 1018 1960 1097 2024; x_wconf 89' lang='lat' dir='ltr'>quos</span> <span class='ocrx_word' id='word_1_131' title='bbox 1121 1950 1247 2003; x_wconf 90' lang='lat' dir='ltr'>secutus</span> <span class='ocrx_word' id='word_1_132' title='bbox 1270 1950 1318 2003; x_wconf 90' lang='lat' dir='ltr'>est</span> 
     </span>
    </p>
   </div>
   <div class='ocr_carea' id='block_1_3' title="bbox 8 2042 1317 2129">
    <p class='ocr_par' dir='ltr' id='par_1_4' title="bbox 8 2042 1317 2129">
     <span class='ocr_line' id='line_1_18' title="bbox 8 2042 1317 2129; baseline 0.002 -24"><span class='ocrx_word' id='word_1_133' title='bbox 8 2056 12 2065; x_wconf 82' lang='grc'><em>·</em></span> <span class='ocrx_word' id='word_1_134' title='bbox 75 2087 82 2093; x_wconf 90' lang='grc'>-</span> <span class='ocrx_word' id='word_1_135' title='bbox 186 2043 374 2107; x_wconf 86' lang='lat' dir='ltr'>Theodorus</span> <span class='ocrx_word' id='word_1_136' title='bbox 387 2045 637 2129; x_wconf 87' lang='lat' dir='ltr'>Mopsuestenus,</span> <span class='ocrx_word' id='word_1_137' title='bbox 654 2044 709 2128; x_wconf 91' lang='lat' dir='ltr'>qui</span> <span class='ocrx_word' id='word_1_138' title='bbox 723 2042 921 2105; x_wconf 73' lang='lat' dir='ltr'>estimabant</span> <span class='ocrx_word' id='word_1_139' title='bbox 937 2042 970 2104; x_wconf 94' lang='lat' dir='ltr'>in</span> <span class='ocrx_word' id='word_1_140' title='bbox 985 2042 1114 2107; x_wconf 89' lang='lat' dir='ltr'>Cantico</span> <span class='ocrx_word' id='word_1_141' title='bbox 1133 2045 1203 2107; x_wconf 89' lang='lat' dir='ltr'>cani</span> <span class='ocrx_word' id='word_1_142' title='bbox 1221 2065 1317 2108; x_wconf 91' lang='lat' dir='ltr'>amo-</span> 
     </span>
    </p>
   </div>
   <div class='ocr_carea' id='block_1_4' title="bbox 186 2144 1318 3148">
    <p class='ocr_par' dir='ltr' id='par_1_5' title="bbox 186 2144 1318 3148">
     <span class='ocr_line' id='line_1_19' title="bbox 187 2144 1316 2232; baseline 0 -23"><span class='ocrx_word' id='word_1_143' title='bbox 187 2167 259 2209; x_wconf 89' lang='lat' dir='ltr'>rem</span> <span class='ocrx_word' id='word_1_144' title='bbox 292 2167 381 2210; x_wconf 91' lang='lat' dir='ltr'>mere</span> <span class='ocrx_word' id='word_1_145' title='bbox 415 2147 600 2231; x_wconf 81' lang='lat' dir='ltr'>profanum.</span> <span class='ocrx_word' id='word_1_146' title='bbox 627 2144 731 2208; x_wconf 90' lang='lat' dir='ltr'>Hodie</span> <span class='ocrx_word' id='word_1_147' title='bbox 765 2145 856 2207; x_wconf 92' lang='lat' dir='ltr'>multi</span> <span class='ocrx_word' id='word_1_148' title='bbox 884 2145 1165 2208; x_wconf 90' lang='lat' dir='ltr'>Rationalistarum</span> <span class='ocrx_word' id='word_1_149' title='bbox 1200 2146 1316 2232; x_wconf 77' lang='lat' dir='ltr'>quibus</span> 
     </span>
     <span class='ocr_line' id='line_1_20' title="bbox 186 2247 1316 2334; baseline -0.001 -22"><span class='ocrx_word' id='word_1_150' title='bbox 186 2251 312 2334; x_wconf 86' lang='lat' dir='ltr'>praeivit</span> <span class='ocrx_word' id='word_1_151' title='bbox 334 2249 483 2331; x_wconf 90' lang='lat' dir='ltr'>Voltaire,</span> <span class='ocrx_word' id='word_1_152' title='bbox 502 2249 666 2313; x_wconf 82' lang='lat' dir='ltr'>Canticum</span> <span class='ocrx_word' id='word_1_153' title='bbox 689 2269 753 2311; x_wconf 92' lang='lat' dir='ltr'>non</span> <span class='ocrx_word' id='word_1_154' title='bbox 769 2247 873 2310; x_wconf 90' lang='lat' dir='ltr'>solum</span> <span class='ocrx_word' id='word_1_155' title='bbox 893 2267 1003 2310; x_wconf 92' lang='lat' dir='ltr'>amore</span> <span class='ocrx_word' id='word_1_156' title='bbox 1023 2249 1160 2332; x_wconf 87' lang='lat' dir='ltr'>prolano</span> <span class='ocrx_word' id='word_1_157' title='bbox 1184 2249 1316 2332; x_wconf 93' lang='lat' dir='ltr'>plenum</span> 
     </span>
     <span class='ocr_line' id='line_1_21' title="bbox 188 2347 1316 2433; baseline -0.002 -19"><span class='ocrx_word' id='word_1_158' title='bbox 188 2349 296 2414; x_wconf 89' lang='lat' dir='ltr'>sedet</span> <span class='ocrx_word' id='word_1_159' title='bbox 320 2349 505 2414; x_wconf 90' lang='lat' dir='ltr'>obscoenum</span> <span class='ocrx_word' id='word_1_160' title='bbox 530 2348 705 2414; x_wconf 86' lang='lat' dir='ltr'>identidem</span> <span class='ocrx_word' id='word_1_161' title='bbox 728 2347 913 2433; x_wconf 87' lang='lat' dir='ltr'>praedicant.</span> <span class='ocrx_word' id='word_1_162' title='bbox 936 2347 999 2412; x_wconf 91' lang='lat' dir='ltr'>Sed</span> <span class='ocrx_word' id='word_1_163' title='bbox 1022 2349 1055 2411; x_wconf 96' lang='lat' dir='ltr'>hi</span> <span class='ocrx_word' id='word_1_164' title='bbox 1080 2350 1173 2412; x_wconf 90' lang='lat' dir='ltr'>nimis</span> <span class='ocrx_word' id='word_1_165' title='bbox 1198 2351 1316 2413; x_wconf 83' lang='lat' dir='ltr'>haerent</span> 
     </span>
     <span class='ocr_line' id='line_1_22' title="bbox 188 2450 1314 2536; baseline 0 -21"><span class='ocrx_word' id='word_1_166' title='bbox 188 2452 223 2516; x_wconf 91' lang='lat' dir='ltr'>iu</span> <span class='ocrx_word' id='word_1_167' title='bbox 245 2453 359 2515; x_wconf 89' lang='lat' dir='ltr'>cortice</span> <span class='ocrx_word' id='word_1_168' title='bbox 382 2453 505 2535; x_wconf 79' lang='lat' dir='ltr'>litterae,</span> <span class='ocrx_word' id='word_1_169' title='bbox 530 2453 586 2515; x_wconf 92' lang='lat' dir='ltr'>ubi</span> <span class='ocrx_word' id='word_1_170' title='bbox 610 2453 695 2516; x_wconf 87' lang='lat' dir='ltr'>euiin</span> <span class='ocrx_word' id='word_1_171' title='bbox 718 2450 883 2514; x_wconf 90' lang='lat' dir='ltr'>Canticum</span> <span class='ocrx_word' id='word_1_172' title='bbox 907 2450 1089 2533; x_wconf 79' lang='lat' dir='ltr'>allegorice,</span> <span class='ocrx_word' id='word_1_173' title='bbox 1114 2451 1159 2514; x_wconf 93' lang='lat' dir='ltr'>uti</span> <span class='ocrx_word' id='word_1_174' title='bbox 1179 2459 1314 2536; x_wconf 86' lang='lat' dir='ltr'>oportet,</span> 
     </span>
     <span class='ocr_line' id='line_1_23' title="bbox 187 2552 1316 2638; baseline 0 -21"><span class='ocrx_word' id='word_1_175' title='bbox 187 2554 386 2638; x_wconf 82' lang='lat' dir='ltr'>intelligitur,</span> <span class='ocrx_word' id='word_1_176' title='bbox 408 2555 487 2617; x_wconf 91' lang='lat' dir='ltr'>nihil</span> <span class='ocrx_word' id='word_1_177' title='bbox 510 2575 573 2617; x_wconf 90' lang='lat' dir='ltr'>nou</span> <span class='ocrx_word' id='word_1_178' title='bbox 598 2563 733 2635; x_wconf 89' lang='lat' dir='ltr'>castum,</span> <span class='ocrx_word' id='word_1_179' title='bbox 759 2552 838 2616; x_wconf 92' lang='lat' dir='ltr'>nihil</span> <span class='ocrx_word' id='word_1_180' title='bbox 862 2572 925 2615; x_wconf 90' lang='lat' dir='ltr'>non</span> <span class='ocrx_word' id='word_1_181' title='bbox 949 2561 1094 2616; x_wconf 91' lang='lat' dir='ltr'>sanctum</span> <span class='ocrx_word' id='word_1_182' title='bbox 1118 2563 1149 2618; x_wconf 92' lang='lat' dir='ltr'>et</span> <span class='ocrx_word' id='word_1_183' title='bbox 1172 2552 1316 2618; x_wconf 91' lang='lat' dir='ltr'>divinum</span> 
     </span>
     <span class='ocr_line' id='line_1_24' title="bbox 189 2654 1317 2742; baseline -0.002 -20"><span class='ocrx_word' id='word_1_184' title='bbox 189 2658 351 2741; x_wconf 80' lang='lat' dir='ltr'>exprimit3</span> <span class='ocrx_word' id='word_1_185' title='bbox 363 2656 521 2742; x_wconf 91' lang='lat' dir='ltr'>siquidem</span> <span class='ocrx_word' id='word_1_186' title='bbox 535 2657 614 2721; x_wconf 90' lang='lat' dir='ltr'>nihil</span> <span class='ocrx_word' id='word_1_187' title='bbox 627 2656 714 2720; x_wconf 93' lang='lat' dir='ltr'>aliud</span> <span class='ocrx_word' id='word_1_188' title='bbox 727 2654 883 2740; x_wconf 89' lang='lat' dir='ltr'>significat</span> <span class='ocrx_word' id='word_1_189' title='bbox 896 2676 996 2741; x_wconf 90' lang='lat' dir='ltr'>quam</span> <span class='ocrx_word' id='word_1_190' title='bbox 1009 2657 1198 2720; x_wconf 88' lang='lat' dir='ltr'>castissimos</span> <span class='ocrx_word' id='word_1_191' title='bbox 1210 2659 1317 2742; x_wconf 92' lang='lat' dir='ltr'>sponsi</span> 
     </span>
     <span class='ocr_line' id='line_1_25' title="bbox 189 2755 1316 2843; baseline -0.003 -20"><span class='ocrx_word' id='word_1_192' title='bbox 189 2759 324 2823; x_wconf 87' lang='lat' dir='ltr'>coelestis</span> <span class='ocrx_word' id='word_1_193' title='bbox 341 2769 372 2822; x_wconf 93' lang='lat' dir='ltr'>et</span> <span class='ocrx_word' id='word_1_194' title='bbox 388 2781 509 2843; x_wconf 80' lang='lat' dir='ltr'>spousae</span> <span class='ocrx_word' id='word_1_195' title='bbox 526 2768 660 2823; x_wconf 79' lang='lat' dir='ltr'>terrenae</span> <span class='ocrx_word' id='word_1_196' title='bbox 677 2778 814 2839; x_wconf 89' lang='lat' dir='ltr'>amores,</span> <span class='ocrx_word' id='word_1_197' title='bbox 830 2755 970 2820; x_wconf 90' lang='lat' dir='ltr'>divinam</span> <span class='ocrx_word' id='word_1_198' title='bbox 985 2758 1105 2821; x_wconf 89' lang='lat' dir='ltr'>scilicet</span> <span class='ocrx_word' id='word_1_199' title='bbox 1116 2757 1229 2822; x_wconf 91' lang='lat' dir='ltr'>Christi</span> <span class='ocrx_word' id='word_1_200' title='bbox 1242 2778 1316 2821; x_wconf 89' lang='lat' dir='ltr'>cum</span> 
     </span>
     <span class='ocr_line' id='line_1_26' title="bbox 189 2859 1316 2947; baseline -0.004 -20"><span class='ocrx_word' id='word_1_201' title='bbox 189 2862 332 2926; x_wconf 88' lang='lat' dir='ltr'>Ecclesia</span> <span class='ocrx_word' id='word_1_202' title='bbox 343 2863 507 2926; x_wconf 89' lang='lat' dir='ltr'>unionem.</span> <span class='ocrx_word' id='word_1_203' title='bbox 517 2863 548 2925; x_wconf 88' lang='lat' dir='ltr'>Si</span> <span class='ocrx_word' id='word_1_204' title='bbox 564 2883 635 2947; x_wconf 86' lang='lat' dir='ltr'>quae</span> <span class='ocrx_word' id='word_1_205' title='bbox 647 2871 755 2924; x_wconf 91' lang='lat' dir='ltr'>autem</span> <span class='ocrx_word' id='word_1_206' title='bbox 768 2881 862 2924; x_wconf 89' lang='lat' dir='ltr'>voces</span> <span class='ocrx_word' id='word_1_207' title='bbox 875 2859 960 2923; x_wconf 90' lang='lat' dir='ltr'>uude</span> <span class='ocrx_word' id='word_1_208' title='bbox 973 2861 1005 2922; x_wconf 91' lang='lat' dir='ltr'>in</span> <span class='ocrx_word' id='word_1_209' title='bbox 1019 2861 1162 2944; x_wconf 90' lang='lat' dir='ltr'>linguam</span> <span class='ocrx_word' id='word_1_210' title='bbox 1175 2870 1316 2924; x_wconf 90' lang='lat' dir='ltr'>nostram</span> 
     </span>
     <span class='ocr_line' id='line_1_27' title="bbox 189 2959 1318 3046; baseline -0.003 -20"><span class='ocrx_word' id='word_1_211' title='bbox 189 2965 350 3026; x_wconf 75' lang='lat' dir='ltr'>translata</span> <span class='ocrx_word' id='word_1_212' title='bbox 367 2964 472 3027; x_wconf 91' lang='lat' dir='ltr'>minus</span> <span class='ocrx_word' id='word_1_213' title='bbox 488 2964 571 3027; x_wconf 90' lang='lat' dir='ltr'>hene</span> <span class='ocrx_word' id='word_1_214' title='bbox 587 2972 712 3045; x_wconf 89' lang='lat' dir='ltr'>sonant,</span> <span class='ocrx_word' id='word_1_215' title='bbox 731 2959 845 3025; x_wconf 80' lang='lat' dir='ltr'>exinde</span> <span class='ocrx_word' id='word_1_216' title='bbox 862 2981 926 3024; x_wconf 90' lang='lat' dir='ltr'>non</span> <span class='ocrx_word' id='word_1_217' title='bbox 940 2962 1083 3046; x_wconf 88' lang='lat' dir='ltr'>sequitur</span> <span class='ocrx_word' id='word_1_218' title='bbox 1096 2961 1166 3024; x_wconf 91' lang='lat' dir='ltr'>illas</span> <span class='ocrx_word' id='word_1_219' title='bbox 1182 2962 1214 3023; x_wconf 93' lang='lat' dir='ltr'>in</span> <span class='ocrx_word' id='word_1_220' title='bbox 1230 2969 1318 3024; x_wconf 86' lang='lat' dir='ltr'>textu</span> 
     </span>
     <span class='ocr_line' id='line_1_28' title="bbox 190 3063 687 3148; baseline 0.002 -23"><span class='ocrx_word' id='word_1_221' title='bbox 190 3064 381 3148; x_wconf 90' lang='lat' dir='ltr'>primigenio</span> <span class='ocrx_word' id='word_1_222' title='bbox 396 3086 490 3128; x_wconf 84' lang='lat' dir='ltr'>aures</span> <span class='ocrx_word' id='word_1_223' title='bbox 505 3063 687 3128; x_wconf 86' lang='lat' dir='ltr'>offendisse.</span> 
     </span>
    </p>
   </div>
   <div class='ocr_carea' id='block_1_5' title="bbox 185 3251 1318 3374">
    <p class='ocr_par' dir='ltr' id='par_1_6' title="bbox 185 3251 1318 3374">
     <span class='ocr_line' id='line_1_29' title="bbox 185 3251 1318 3374; baseline 0.004 -44"><span class='ocrx_word' id='word_1_224' title='bbox 185 3251 334 3374; x_wconf 54' lang='lat' dir='ltr'>oblivii?</span> <span class='ocrx_word' id='word_1_225' title='bbox 347 3283 398 3348; x_wconf 86' lang='grc' dir='ltr'><strong>(ΙΙΙ,</strong></span> <span class='ocrx_word' id='word_1_226' title='bbox 414 3284 660 3349; x_wconf 61' lang='lat' dir='ltr'>hettesnamont,</span> <span class='ocrx_word' id='word_1_227' title='bbox 674 3298 731 3350; x_wconf 86' lang='lat' dir='ltr'>quae</span> <span class='ocrx_word' id='word_1_228' title='bbox 742 3287 896 3338; x_wconf 88' lang='lat' dir='ltr'>constructio</span> <span class='ocrx_word' id='word_1_229' title='bbox 913 3286 1033 3337; x_wconf 87' lang='lat' dir='ltr'>seriorem</span> <span class='ocrx_word' id='word_1_230' title='bbox 1043 3285 1212 3336; x_wconf 81' lang='lat' dir='ltr'>hebraismum</span> <span class='ocrx_word' id='word_1_231' title='bbox 1226 3286 1318 3336; x_wconf 86' lang='lat' dir='ltr'>innuit.</span> 
     </span>
    </p>
   </div>
   <div class='ocr_carea' id='block_1_6' title="bbox 187 3365 1320 3529">
    <p class='ocr_par' dir='ltr' id='par_1_7' title="bbox 187 3365 1320 3529">
     <span class='ocr_line' id='line_1_30' title="bbox 187 3365 1319 3448; baseline -0.001 -13"><span class='ocrx_word' id='word_1_232' title='bbox 187 3386 239 3436; x_wconf 79' lang='lat' dir='ltr'>Sed</span> <span class='ocrx_word' id='word_1_233' title='bbox 255 3365 335 3448; x_wconf 79' lang='lat' dir='ltr'>prima</span> <span class='ocrx_word' id='word_1_234' title='bbox 348 3397 396 3434; x_wconf 82' lang='lat' dir='ltr'>vox</span> <span class='ocrx_word' id='word_1_235' title='bbox 406 3383 458 3446; x_wconf 85' lang='lat' dir='ltr'>jam</span> <span class='ocrx_word' id='word_1_236' title='bbox 473 3384 583 3434; x_wconf 90' lang='lat' dir='ltr'>occurrit</span> <span class='ocrx_word' id='word_1_237' title='bbox 599 3384 625 3432; x_wconf 91' lang='lat' dir='ltr'>in</span> <span class='ocrx_word' id='word_1_238' title='bbox 644 3384 793 3435; x_wconf 84' lang='lat' dir='ltr'>Ecclesiaste</span> <span class='ocrx_word' id='word_1_239' title='bbox 808 3399 884 3448; x_wconf 85' lang='lat' dir='ltr'>quem</span> <span class='ocrx_word' id='word_1_240' title='bbox 899 3385 1025 3436; x_wconf 87' lang='lat' dir='ltr'>Salomoni</span> <span class='ocrx_word' id='word_1_241' title='bbox 1045 3383 1235 3434; x_wconf 80' lang='lat' dir='ltr'>vindicavimus.</span> <span class='ocrx_word' id='word_1_242' title='bbox 1248 3383 1319 3445; x_wconf 82' lang='lat' dir='ltr'>Quod</span> 
     </span>
     <span class='ocr_line' id='line_1_31' title="bbox 187 3465 1320 3529; baseline -0.003 -11"><span class='ocrx_word' id='word_1_243' title='bbox 187 3466 211 3518; x_wconf 90' lang='lat' dir='ltr'>si</span> <span class='ocrx_word' id='word_1_244' title='bbox 222 3480 274 3516; x_wconf 92' lang='lat' dir='ltr'>non</span> <span class='ocrx_word' id='word_1_245' title='bbox 285 3466 401 3517; x_wconf 88' lang='lat' dir='ltr'>admittat</span> <span class='ocrx_word' id='word_1_246' title='bbox 410 3465 587 3515; x_wconf 84' lang='lat' dir='ltr'>auctoritatem</span> <span class='ocrx_word' id='word_1_247' title='bbox 600 3465 764 3527; x_wconf 61' lang='lat' dir='ltr'>Ecclesiaste</span> <span class='ocrx_word' id='word_1_248' title='bbox 778 3467 842 3521; x_wconf 85' lang='lat' dir='ltr'>nthtt</span> <span class='ocrx_word' id='word_1_249' title='bbox 852 3474 935 3517; x_wconf 88' lang='lat' dir='ltr'>tamen</span> <span class='ocrx_word' id='word_1_250' title='bbox 947 3468 1036 3529; x_wconf 84' lang='lat' dir='ltr'>probat</span> <span class='ocrx_word' id='word_1_251' title='bbox 1047 3466 1108 3516; x_wconf 82' lang='lat' dir='ltr'>istas</span> <span class='ocrx_word' id='word_1_252' title='bbox 1120 3477 1193 3515; x_wconf 91' lang='lat' dir='ltr'>vooes</span> <span class='ocrx_word' id='word_1_253' title='bbox 1208 3465 1320 3515; x_wconf 90' lang='lat' dir='ltr'>nondum</span> 
     </span>
    </p>
   </div>
   <div class='ocr_carea' id='block_1_7' title="bbox 180 3548 1320 4019">
    <p class='ocr_par' dir='ltr' id='par_1_8' title="bbox 185 3548 1320 3846">
     <span class='ocr_line' id='line_1_32' title="bbox 188 3548 1319 3611; baseline -0.001 -12"><span class='ocrx_word' id='word_1_254' title='bbox 188 3548 270 3599; x_wconf 79' lang='lat' dir='ltr'>tuisse</span> <span class='ocrx_word' id='word_1_255' title='bbox 279 3549 384 3599; x_wconf 83' lang='lat' dir='ltr'>usitatas</span> <span class='ocrx_word' id='word_1_256' title='bbox 393 3554 467 3598; x_wconf 79' lang='lat' dir='ltr'>aetate</span> <span class='ocrx_word' id='word_1_257' title='bbox 479 3549 625 3599; x_wconf 84' lang='lat' dir='ltr'>Salomonis.</span> <span class='ocrx_word' id='word_1_258' title='bbox 638 3549 671 3599; x_wconf 84' lang='lat' dir='ltr'>tu</span> <span class='ocrx_word' id='word_1_259' title='bbox 682 3549 783 3600; x_wconf 81' lang='lat' dir='ltr'>etiamsi</span> <span class='ocrx_word' id='word_1_260' title='bbox 795 3551 841 3602; x_wconf 85' lang='lat' dir='ltr'>boo</span> <span class='ocrx_word' id='word_1_261' title='bbox 852 3554 978 3600; x_wconf 86' lang='lat' dir='ltr'>constaret</span> <span class='ocrx_word' id='word_1_262' title='bbox 992 3549 1104 3599; x_wconf 88' lang='lat' dir='ltr'>nondum</span> <span class='ocrx_word' id='word_1_263' title='bbox 1119 3555 1272 3611; x_wconf 86' lang='lat' dir='ltr'>sequeretur</span> <span class='ocrx_word' id='word_1_264' title='bbox 1282 3560 1319 3598; x_wconf 85' lang='lat' dir='ltr'>ae-</span> 
     </span>
     <span class='ocr_line' id='line_1_33' title="bbox 188 3629 1318 3690; baseline -0.002 -9"><span class='ocrx_word' id='word_1_265' title='bbox 188 3637 243 3681; x_wconf 87' lang='lat' dir='ltr'>tate</span> <span class='ocrx_word' id='word_1_266' title='bbox 255 3630 394 3681; x_wconf 84' lang='lat' dir='ltr'>Salomonis</span> <span class='ocrx_word' id='word_1_267' title='bbox 406 3630 537 3680; x_wconf 87' lang='lat' dir='ltr'>Canticum</span> <span class='ocrx_word' id='word_1_268' title='bbox 553 3642 608 3680; x_wconf 86' lang='lat' dir='ltr'>esse</span> <span class='ocrx_word' id='word_1_269' title='bbox 626 3632 802 3682; x_wconf 88' lang='lat' dir='ltr'>recentiorem.</span> <span class='ocrx_word' id='word_1_270' title='bbox 816 3632 935 3681; x_wconf 88' lang='lat' dir='ltr'>Novimus</span> <span class='ocrx_word' id='word_1_271' title='bbox 946 3631 1013 3681; x_wconf 88' lang='lat' dir='ltr'>enim</span> <span class='ocrx_word' id='word_1_272' title='bbox 1026 3630 1130 3680; x_wconf 83' lang='lat' dir='ltr'>Esdram</span> <span class='ocrx_word' id='word_1_273' title='bbox 1146 3629 1318 3690; x_wconf 74' lang='lat' dir='ltr'>recognovisse</span> 
     </span>
     <span class='ocr_line' id='line_1_34' title="bbox 185 3706 1320 3777; baseline -0.002 -14"><span class='ocrx_word' id='word_1_274' title='bbox 185 3719 214 3763; x_wconf 91' lang='lat' dir='ltr'>et</span> <span class='ocrx_word' id='word_1_275' title='bbox 229 3726 244 3763; x_wconf 88' lang='lat' dir='ltr'>a</span> <span class='ocrx_word' id='word_1_276' title='bbox 257 3712 357 3762; x_wconf 89' lang='lat' dir='ltr'>mendis</span> <span class='ocrx_word' id='word_1_277' title='bbox 367 3725 520 3776; x_wconf 80' lang='lat' dir='ltr'>expurgasse</span> <span class='ocrx_word' id='word_1_278' title='bbox 534 3713 611 3762; x_wconf 88' lang='lat' dir='ltr'>libros</span> <span class='ocrx_word' id='word_1_279' title='bbox 622 3726 714 3763; x_wconf 84' lang='lat' dir='ltr'>sacros.</span> <span class='ocrx_word' id='word_1_280' title='bbox 725 3713 791 3774; x_wconf 80' lang='lat' dir='ltr'>Quid</span> <span class='ocrx_word' id='word_1_281' title='bbox 804 3706 884 3777; x_wconf 82' lang='lat' dir='ltr'>igilur</span> <span class='ocrx_word' id='word_1_282' title='bbox 893 3713 999 3776; x_wconf 87' lang='lat' dir='ltr'>impedit</span> <span class='ocrx_word' id='word_1_283' title='bbox 1009 3713 1093 3774; x_wconf 85' lang='lat' dir='ltr'>ipsum</span> <span class='ocrx_word' id='word_1_284' title='bbox 1110 3712 1172 3762; x_wconf 85' lang='lat' dir='ltr'>duas</span> <span class='ocrx_word' id='word_1_285' title='bbox 1183 3711 1238 3761; x_wconf 86' lang='lat' dir='ltr'>illas</span> <span class='ocrx_word' id='word_1_286' title='bbox 1247 3723 1320 3761; x_wconf 90' lang='lat' dir='ltr'>voces</span> 
     </span>
     <span class='ocr_line' id='line_1_35' title="bbox 187 3793 873 3846; baseline 0.003 -2"><span class='ocrx_word' id='word_1_287' title='bbox 187 3793 293 3845; x_wconf 88' lang='lat' dir='ltr'>vocibus</span> <span class='ocrx_word' id='word_1_288' title='bbox 307 3794 495 3845; x_wconf 86' lang='lat' dir='ltr'>obscurioribus</span> <span class='ocrx_word' id='word_1_289' title='bbox 506 3800 551 3843; x_wconf 89' lang='lat' dir='ltr'>aut</span> <span class='ocrx_word' id='word_1_290' title='bbox 560 3793 679 3844; x_wconf 88' lang='lat' dir='ltr'>obsoletis</span> <span class='ocrx_word' id='word_1_291' title='bbox 690 3794 873 3846; x_wconf 80' lang='lat' dir='ltr'>substituisse?</span> 
     </span>
    </p>

    <p class='ocr_par' dir='ltr' id='par_1_9' title="bbox 180 3864 1317 4019">
     <span class='ocr_line' id='line_1_36' title="bbox 220 3864 1317 3939; baseline 0.004 -15"><span class='ocrx_word' id='word_1_292' title='bbox 220 3874 259 3939; x_wconf 80' lang='grc' dir='ltr'>(Ι)</span> <span class='ocrx_word' id='word_1_293' title='bbox 273 3874 369 3924; x_wconf 83' lang='lat' dir='ltr'>Eorum</span> <span class='ocrx_word' id='word_1_294' title='bbox 389 3875 533 3925; x_wconf 86' lang='lat' dir='ltr'>testimonia</span> <span class='ocrx_word' id='word_1_295' title='bbox 552 3888 584 3925; x_wconf 84' lang='lat' dir='ltr'>ex</span> <span class='ocrx_word' id='word_1_296' title='bbox 598 3874 740 3929; x_wconf 77' lang='lat' dir='ltr'>thalmude</span> <span class='ocrx_word' id='word_1_297' title='bbox 755 3864 901 3937; x_wconf 75' lang='lat' dir='ltr'>referuntur</span> <span class='ocrx_word' id='word_1_298' title='bbox 917 3877 944 3926; x_wconf 92' lang='lat' dir='ltr'>iu</span> <span class='ocrx_word' id='word_1_299' title='bbox 958 3876 1050 3928; x_wconf 86' lang='lat' dir='ltr'>lierbst</span> <span class='ocrx_word' id='word_1_300' title='bbox 1061 3886 1088 3928; x_wconf 88' lang='lat' dir='ltr'>et</span> <span class='ocrx_word' id='word_1_301' title='bbox 1102 3877 1193 3939; x_wconf 85' lang='lat' dir='ltr'>Wette,</span> <span class='ocrx_word' id='word_1_302' title='bbox 1213 3877 1317 3929; x_wconf 78' lang='lat' dir='ltr'>Eioteit.</span> 
     </span>
     <span class='ocr_line' id='line_1_37' title="bbox 180 3954 513 4019; baseline 0 -11"><span class='ocrx_word' id='word_1_303' title='bbox 180 3963 202 4008; x_wconf 84' lang='lat' dir='ltr'>t.</span> <span class='ocrx_word' id='word_1_304' title='bbox 218 3954 263 4018; x_wconf 90' lang='grc' dir='ltr'><strong>ΙΙΙ,</strong></span> <span class='ocrx_word' id='word_1_305' title='bbox 274 3967 330 4019; x_wconf 86' lang='lat' dir='ltr'>cap.</span> <span class='ocrx_word' id='word_1_306' title='bbox 349 3956 389 4018; x_wconf 89' lang='grc' dir='ltr'><strong>ΙΙΙ,</strong></span> <span class='ocrx_word' id='word_1_307' title='bbox 408 3968 433 4019; x_wconf 75' lang='lat' dir='ltr'>p.</span> <span class='ocrx_word' id='word_1_308' title='bbox 455 3956 513 4008; x_wconf 75' lang='lat'><strong>259.</strong></span> 
     </span>
    </p>
   </div>
   <div class='ocr_carea' id='block_1_8' title="bbox 0 0 1580 4964">
    <p class='ocr_par' dir='ltr' id='par_1_10' title="bbox 0 0 1580 4964">
     <span class='ocr_line' id='line_1_38' title="bbox 0 0 1580 4964; baseline 0 0"><span class='ocrx_word' id='word_1_309' title='bbox 0 0 1580 4964; x_wconf 95' lang='lat' dir='ltr'> </span> 
     </span>
    </p>
   </div>
  </div>
 </body>
</html>
