3168 4948
411 290 485 334 rurs
504 288 539 334 11.
558 290 651 333 ιιιιιιι
663 290 706 335 ιι.
724 289 763 333 ua
777 289 898 334 surmus
914 268 1142 358 arosrotoauu.
1275 269 1339 336 515
1425 334 1433 353 .

151 410 344 477 quoque
373 387 501 475 (Lucas)
534 387 631 452 edidit
665 389 816 452 volumen
853 387 939 474 quod
969 390 1058 453 titulo
1082 388 1338 475 Apostolicarum
1521 442 1534 483 3

211 481 291 581 πρᾶξ
290 513 341 554 aas
364 500 570 577 praenotatur,
595 489 686 576 eujus
710 491 839 555 historia
862 502 963 578 usque
983 490 1024 555 ad
1044 492 1209 557 biennium
1227 495 1339 558 Romae
1409 514 1461 550 »ιι
1426 454 1570 547 6166

214 595 457 661 commorantis
452 592 547 657 Pauli
564 595 721 678 pervenit,
740 592 772 657 id
793 603 956 680 estusque
972 593 1013 658 ad
1035 605 1185 680 quartum
1205 595 1339 661 Neronis

155 723 157 726 ’
213 685 349 816 annum}
370 699 416 760 Ex
433 718 496 781 quo
512 695 741 781 intelligimus'
734 717 767 757 ιιι
783 692 897 761 cadem
919 695 999 759 urbe
1023 695 1141 759 librum
1160 719 1227 760 esse
1245 718 1339 761 corn-

212 801 362 887 positum
391 798 524 862 »Hanc
547 797 732 882 Hieronymi
755 798 942 861 sententiam
973 797 1104 883 plures,
1142 798 1223 862 inter
1259 820 1340 884 quos
1406 819 1412 828 ·

212 902 251 967 P
266 902 425 984 Patritius,
440 896 688 985 amplectuntur
702 900 880 964 Doetissimi
892 908 1000 966 autem
1016 901 1204 986 interpretes
1220 901 1339 965 Beelen

215 1014 246 1069 et
257 1003 319 1068 Ad.
340 1004 439 1067 ldaier
455 1002 528 1067 libri
547 1004 779 1068 confectionem
798 1012 957 1088 reponunt
978 1003 1063 1066 intra
1084 1002 1164 1067 illud
1186 1005 1340 1089 temporis

214 1106 350 1191 spatium
363 1104 451 1191 quod
468 1126 487 1168 a
502 1106 676 1171 vastatione
690 1105 778 1169 urbis
790 1105 891 1187 Gazae,
909 1103 999 1190 cujus
1019 1107 1138 1169 mentio
1150 1105 1233 1190 (Act.
1248 1106 1337 1189 Vlll,

215 1207 269 1294 26)
284 1209 433 1289 occurrit,
448 1206 568 1272 effluxit
587 1230 688 1294 usque
705 1206 747 1271 ad
760 1206 959 1271 obsidionem
974 1207 1189 1294 ierosolymae.
1208 1209 1337 1271 Nullum

215 1321 321 1375 autem
340 1311 374 1373 in
394 1319 459 1374 toto
491 1310 573 1374 libro
603 1311 761 1375 invenitur
782 1308 936 1374 indicium
961 1332 1000 1374 ex
1020 1332 1084 1397 quo
1113 1311 1223 1375 inferri
1241 1311 1339 1395 possit

215 1412 311 1477 Actus
338 1419 408 1497 post
435 1420 561 1496 captam
584 1412 815 1497 lerosolymam
840 1413 1033 1527 conscriptos
1052 1411 1160 1476 fuisse
1183 1398 1273 1477 Certe
1297 1433 1338 1475 ne

140 1504 152 1561 ἕ
215 1516 347 1579 minima
368 1512 499 1600 quidem
519 1515 603 1578 illius
620 1513 719 1580 cladis
735 1514 854 1578 mentio
871 1514 903 1577 in
923 1523 988 1578 toto
1002 1514 1084 1579 libro
1100 1518 1279 1581 occurrit..
1392 1513 1393 1517 ’

260 1617 642 1702 transmeatoque
675 1629 703 1681 et
737 1619 911 1681 austeritate
934 1612 981 1679 tit
982 1620 1013 1679 ri
1039 1618 1180 1683 Asturam.
1207 1618 1338 1681 Librum
1376 1595 1547 1728 §lys

217 1720 354 1784 Actuum
378 1720 454 1783 olim
478 1717 671 1805 repudiaba
712 1718 771 1782 Ehi
816 1719 877 1801 itae,
905 1719 979 1840 quia
1002 1719 1162 1825 negabant
1185 1720 1338 1785 abolitam

218 1827 321 1912 legem
339 1826 511 1890 Mosaieam
527 1822 587 1920 Q),
607 1827 668 1889 Ser
705 1826 757 1888 ian
785 1834 892 1889 autem
913 1825 988 1910 quia
1005 1811 1161 1890 ciborum
1168 1825 1339 1890 discrimen

218 1927 453 1993 observandum
470 1929 621 1993 volebant
634 1927 693 2015 (gh
707 1826 872 1992 Malichai
889 1928 1017 1992 tandem
1033 1929 1123 1992 illum
1139 1928 1338 2015 rejiciebant,

208 2032 292 2117 ,quia
319 2032 561 2116 promissionem
595 2030 634 2096 de
665 2030 818 2095 mittendo
854 2032 972 2115 Spiritu
1000 2041 1107 2096 sancto
1132 2031 1339 2116 adimpletam

140 2188 146 2197 .
217 2134 459 2220 praedicabant
450 2157 482 2198 m
502 2157 557 2199 suo
572 2135 782 2198 heresiarcha
799 2135 934 2217 Manete,
954 2156 1050 2219 quem
1066 2136 1124 2220 ipsi
1116 2135 1340 2199 'affirmabant

217 2260 328 2302 verum
350 2260 398 2301 ess
455 2240 664 2302 aracletuma
681 2238 816 2302 Domino
835 2238 1080 2322 praenuntiatum
1097 2236 1156 2323 (ᾖ).

259 2342 291 2403 6.
322 2341 538 2405 Rationalistae
562 2361 655 2404 suum
679 2313 813 2426 systema
838 2338 951 2403 eodem
975 2338 1071 2403 modo
1095 2340 1177 2403 libro
1201 2339 1339 2403 Actuurn

216 2463 254 2506 ao
279 2443 459 2525 Evangeliis
481 2442 693 2526 applicarunt.
717 2440 841 2505 Idcirco
865 2462 935 2526 quae
960 2450 1129 2505 narrantur
1152 2441 1184 2504 in
1208 2440 1341 2505 Actibus
1422 2430 1433 2467 3
1468 2420 1497 2445 ”
1524 2452 1532 2478 '

216 2545 370 2608 miracula
386 2566 423 2608 ea
436 2544 686 2627 relnaturaliter
702 2545 860 2629 explicare
874 2546 924 2607 vel
936 2545 968 2606 in
981 2545 1105 2630 mythos
1120 2554 1174 2608 aut
1189 2544 1340 2630 legendas
1440 2609 1442 2613 ,
1550 2547 1551 2550 ’

217 2657 401 2711 convertere
426 2645 626 2731 studuerunt,
648 2650 823 2732 praesertim
846 2670 923 2712 vero
942 2660 1052 2712 omnes
1068 2650 1151 2714 uires
1169 2648 1340 2735 impende-

216 2758 290 2812 runt
304 2757 339 2812 ut
358 2751 473 2813 miram
489 2748 563 2813 fidei
581 2751 758 2814 christianae
779 2749 997 2815 dilatationem
1015 2762 1045 2815 et
1062 2755 1337 2837 propagationem,

216 2849 303 2937 quod
333 2851 603 2916 evidentissimum
636 2862 681 2916 est
701 2852 769 2939 ejus
798 2851 968 2917 divinitatis
996 2855 1133 2939 signum,
1154 2856 1368 2954 naturalitery

216 2951 362 3018 effectam
384 2956 590 3040 explicarent.
615 2957 701 3019 Inter
725 2955 914 3020 fervidiores
937 2956 1076 3021 Actuum
1100 2958 1338 3042 impugnatores

183 3057 184 3060 ’
216 3056 387 3120 occurrunt
408 3059 555 3142 BauriuS,
582 3060 697 3123 scholae
714 3059 921 3144 Tubingensis
937 3058 1014 3142 dux,
1029 3061 1084 3146 qui
1102 3058 1176 3123 inde
1194 3061 1236 3124 ab
1252 3083 1337 3125 anno

216 3161 299 3223 1856
323 3160 486 3247 usquead
513 3163 597 3226 1866
616 3164 708 3247 plura
730 3160 771 3226 de
794 3162 912 3227 haere
935 3164 1050 3248 scripta
1075 3162 1173 3228 edidit
1176 3154 1337 3250 ,ejusque

210 3258 361 3378 ¹discipuli
385 3264 705 3349 Schneekenburger,
731 3264 922 3350 Schwegler,
948 3264 1062 3349 Zeller,
1084 3213 1198 3331 Renah
1219 3267 1337 3383 aliique

215 3365 247 3426 in
270 3364 441 3430 Germania
464 3375 494 3429 et
518 3368 549 3429 in
574 3366 678 3432 Gallia
696 3356 761 3459 (Α).
781 3368 892 3449 Ροιιο,
913 3369 1059 3452 quamvis
1081 3389 1190 3433 omncs
1213 3370 1261 3432 isti
1279 3369 1339 3433 viri

216 3469 327 3551 saepius
344 3492 376 3540 se
394 3470 531 3533 invicem
548 3464 746 3555 impugnent,
767 3471 809 3534 ita
825 3481 860 3534 ut
876 3492 953 3556 vg.
968 3494 1050 3535 unus
1066 3473 1184 3537 librum
1201 3472 1339 3537 Actuum

216 3571 395 3636 consectum
416 3572 511 3649 dicat
522 3576 643 3638 saeculo
656 3572 808 3668 secundo,
827 3568 907 3638 alter
925 3596 999 3638 curn
1016 3576 1108 3640 anae
1123 3576 1244 3639 auctori
1264 3577 1339 3640 vin-

248 3827 282 3890 (l)
294 3825 370 3886 tren,
388 3826 487 3877 Contra
500 3826 562 3876 troer.
575 3825 604 3875 V.
620 3825 638 3888 l;
655 3824 778 3889 Epiphau.
797 3826 866 3879 Hoer.
879 3827 953 3889 XXX,
972 3828 1003 3878 16
1017 3835 1043 3878 et
1057 3827 1097 3878 so.

248 3906 283 3970 (Ξ)
295 3908 399 3968 Enseu,
414 3908 479 3958 Hist.
495 3907 562 3957 Eecl.
581 3906 621 3968 tv,
637 3906 679 3959 29.

247 3988 281 4052 (5)
295 3988 442 4051 Angustia,
454 3989 539 4052 Epist.
553 3986 615 4049 2573
634 3988 668 4038 De
680 3988 737 4038 atil.
747 3990 867 4062 credendi
878 3987 920 4050 tlt,
932 3991 955 4039 7.
1257 4035 1259 4040 .

247 4071 281 4135 (l)
301 4072 386 4122 Baurii
408 4072 567 4135 aliorumque
593 4072 792 4135 Tubingensium
815 4086 890 4136 opera
914 4072 1060 4122 indicantur
1080 4085 1120 4134 ap.
1140 4070 1216 4122 Bleek
1234 4071 1278 4136 qui
1296 4084 1339 4122 eos

215 4150 327 4202 consum
337 4152 364 4201 in
376 4164 421 4204 sua
433 4152 536 4204 Etaieit.
551 4155 580 4203 in
596 4154 644 4202 ctas
659 4154 691 4203 N.
706 4154 732 4204 T.
750 4154 859 4204 Berolini
877 4152 949 4215 1866,
964 4167 989 4216 p.
1005 4152 1053 4203 566
1068 4167 1123 4217 sqq.
1140 4153 1225 4211 Renan
1239 4153 1338 4216 scripsit
1432 4203 1435 4210 ,

92 4309 103 4313 „
215 4234 260 4285 Les
280 4233 401 4298 Apdtres.
420 4236 499 4298 Paris,
523 4234 593 4286 1666.
615 4235 695 4296 Quem
711 4237 837 4289 oonlutari
854 4238 880 4286 in
899 4237 980 4288 Rarus
999 4237 1141 4300 catholicus
1163 4238 1192 4288 dc
1212 4237 1337 4288 louvain.

215 4314 345 4365 ιιι-1866.
