3134 4934
477 321 552 366 raus
565 323 600 366 n.
621 322 714 364 error
730 323 784 366 vn.
800 321 838 363 na
851 321 1045 364 arocanrrsr.
1264 301 1329 366 595

194 430 283 507 ptem
297 407 411 506 sigilli,
423 431 545 508 septem
563 422 647 486 tubae
667 431 853 506 septemque
869 420 984 505 phialae
1000 422 1054 483 irae
1068 421 1138 503 Dei,
1157 443 1175 485 a
1193 443 1265 506 cap.
1284 420 1328 489 VI

196 523 237 588 ad
251 524 337 590 XVI.
352 525 433 588 Sunt
446 526 501 610 qui
515 546 585 610 qum
598 524 643 588 ibi
655 525 741 589 dieta
754 523 881 587 suntad
894 525 1203 588 consummationem
1216 523 1328 587 mundi

192 628 351 710 referunt,
377 629 431 691 alii
455 626 497 691 ad
517 626 766 691 destructionem
791 626 990 709 idololatriae,
1012 627 1066 690 alii
1084 626 1127 691 ad
1152 636 1328 712 utrumque

195 730 302 793 simul.
322 731 360 792 ln
376 751 470 814 capp.
486 729 701 795 XVll-XVlll
723 751 781 814 per
799 730 967 795 mulierem
985 730 1190 793 fornicariam
1208 727 1329 791 seden-

196 842 264 895 tem
282 854 378 917 super
394 832 528 896 bestiam
547 831 707 917 designari
723 831 837 895 urbem
855 835 991 896 Romam
1009 830 1141 917 ejusque
1158 831 1330 916 imperium

189 936 377 1020 ,communis
389 944 436 998 cst
451 936 662 1020 interpretum
678 937 845 1016 sententia,
863 956 934 1020 quae
947 935 1023 998 satis
1035 934 1120 997 clare
1134 936 1238 997 elucet
1252 954 1331 996 con-

197 1037 349 1101 sideranti
365 1039 489 1122 integra
504 1039 620 1102 horum
634 1040 781 1123 capitum
802 1039 913 1102 verba.
1330 1038 1335 1047 “

241 1142 272 1204 4.
288 1143 418 1205 Interim
436 1140 554 1205 dantur
568 1142 618 1205 hae
630 1143 899 1227 interpretationis
911 1143 1029 1228 regulae
1047 1165 1055 1205 t
1072 1144 1105 1205 1⁰
1117 1142 1224 1224 Quum
1237 1142 1327 1226 Apo-

80 1240 88 1246 “
197 1243 332 1327 calypsis
351 1245 429 1328 stylo
448 1243 584 1329 figurato
601 1253 697 1330 atque
716 1244 891 1329 symbolice
917 1267 1066 1331 expressa
1082 1245 1132 1326 sit,
1147 1245 1247 1308 verba
1263 1267 1329 1308 non

197 1366 292 1408 sensu
315 1345 443 1409 litterali
464 1345 520 1409 sed
545 1347 765 1431 metaphorice
786 1357 816 1411 et
838 1348 1012 1432 allegorico
1035 1357 1108 1411 sunt
1127 1345 1326 1432 accipienda.

198 1448 231 1509 2⁰
244 1447 350 1527 Quum
369 1458 539 1512 occurrant
558 1450 590 1512 in
606 1448 798 1534 Apocalypsi
815 1448 964 1535 quaedam
981 1451 1118 1516 visiones
1129 1451 1224 1534 plane
1238 1450 1330 1512 simi-

198 1549 245 1611 les
264 1550 313 1632 iis,
332 1572 411 1643 quas
431 1549 581 1615 viderunt
600 1553 745 1616 Ezechiel
765 1554 883 1638 aliique
907 1553 1087 1638 Prophetae,
1109 1553 1227 1616 horum
1247 1553 1331 1615 Pro-

198 1651 368 1735 phetarum
399 1654 616 1738 interpretatio
653 1675 805 1740 magnam
837 1656 943 1719 lucem
976 1655 1097 1741 praehet
1126 1654 1168 1719 ud
1202 1676 1330 1718 sensum

197 1755 435 1841 Apoealypseos
458 1755 685 1841 detegendum.
714 1757 747 1820 5⁰
776 1758 929 1838 Quamvis
957 1756 1164 1843 Apocalypsis
1191 1778 1267 1820 vera
1293 1757 1331 1819 sit

198 1857 379 1941 prophetia,
406 1879 470 1921 non
491 1857 618 1926 videtur
638 1869 745 1923 tamen
769 1861 811 1923 ita
831 1859 994 1944 urgendus
1015 1858 1189 1923 verborum
1206 1880 1327 1939 sensus,

197 1968 233 2022 ut
251 1959 393 2043 praebe'at
408 1963 498 2045 quasi
520 1960 746 2047 compendium
764 1962 988 2047 propheticum
1007 1963 1100 2026 totius
1116 1960 1254 2024 historiae
1275 1982 1329 2023 sa-

200 2080 293 2124 croea
311 2062 432 2126 loanne
451 2062 610 2149 usquead
629 2063 727 2127 linem
745 2064 947 2127 saeeulorum.

245 2163 275 2227 5.
290 2166 386 2229 Locus
402 2176 430 2228 et
446 2176 573 2249 tempus.
592 2166 758 2229 loannem·
768 2165 981 2250 Apocalypsin
998 2166 1206 2250 scripsisse-in
1227 2165 1330 2228 insula

201 2268 346 2351 Patmos,
372 2269 404 2331 in
428 2278 647 2354 quapropter
675 2269 890 2333 testimonium
922 2269 998 2332 lesu
1025 2269 1139 2334 Christi
1171 2270 1331 2354 relegatus

201 2369 318 2452 fuerat,
340 2378 427 2454 patet
442 2391 480 2433 ex
497 2391 569 2455 cap.
587 2372 613 2453 l,
635 2372 665 2434 9.
687 2370 847 2450 Quaeritur
865 2379 971 2433 autem
989 2370 1049 2434 suh
1065 2392 1207 2457 quonam
1223 2372 1331 2454 impc-

200 2479 306 2535 ratore
322 2473 355 2534 in
371 2472 433 2536 hae
451 2473 553 2536 insula
572 2474 731 2557 relegatus
749 2474 845 2537 luerit
862 2471 1008 2558 adeoque
1027 2495 1168 2559 quonam
1187 2475 1331 2558 tempore

200 2571 413 2660 Apocalypsin
435 2577 606 2660 scripserit.
624 2577 822 2661 Epiphanius
839 2575 888 2660 (l)
908 2574 1002 2640 docet
1020 2576 1082 2639 hoe
1098 2575 1251 2640 accidisse
1271 2574 1331 2638 sub

118 2707 123 2715 ·
200 2674 345 2740 Claudio.
361 2676 423 2741 Sed
437 2698 533 2741 nemo
545 2700 583 2741 ex
597 2679 735 2764 antiquis
748 2679 776 2742 ei
790 2678 992 2763 suffragatur.
1006 2680 1143 2743 lrenaeus
1157 2679 1219 2765 (2),
1233 2680 1331 2763 ipsius

200 2778 332 2841 loannis
344 2800 402 2863 per
412 2780 624 2865 Polycarpum
637 2778 944 2865 discipulus,asserit
955 2780 1168 2866 Apocalypsin
1180 2783 1331 2867 scriptam

98 2960 106 2969 δ’
144 2933 148 2936 .
201 2881 262 2944 suh
275 2882 455 2946 Domitiano
473 2906 481 2946 ε
500 2907 515 2940 «
530 2884 642 2970 Neque
658 2885 743 2947 euim
762 2882 1029 2968 dudum„iuquit,
1047 2882 1104 2946 sed
1121 2892 1332 2968 nostraparne

201 2986 358 3049 memoria
371 2985 430 3049 sub
443 2986 563 3049 exitum
576 2987 701 3070 imperii
716 2984 888 3051 Domitiani
902 2987 968 3049 risa
984 2994 1031 3048 est
1047 2984 1292 3070 (Apocalypsis).
1315 3011 1330 3044 s

201 3087 313 3149 Ircnaei
334 3087 551 3150 testimonium
571 3078 712 3172 allegant
731 3097 763 3151 et
777 3095 954 3172 sequuntur
969 3087 1136 3169 Eusebius,
1158 3085 1332 3150 Chronieon

199 3188 341 3273 paschale
358 3190 418 3274 (5),
437 3190 469 3253 S.
491 3191 647 3254 Maximus
662 3190 711 3276 (4)
729 3189 864 3253 Arethas
880 3188 941 3274 (5),
958 3187 1096 3252 Andreae
1113 3188 1280 3269 Cretensis,
1295 3195 1331 3249 ut

200 3290 339 3375 ridetur,
365 3291 551 3377 discipulus.
571 3294 709 3374 Miletus,
731 3290 895 3356 Laodiceae
915 3292 1083 3376 episcopus
1104 3292 1191 3355 hisee
1214 3294 1329 3354 aucto·
1377 3282 1381 3287 ’

236 3519 271 3585 (l)
286 3526 355 3573 Hoer.
367 3522 409 3583 Li,
426 3535 451 3585 p.
471 3522 528 3573 llll.

236 3602 271 3666 (Ξ)
283 3605 331 3667 Ap.
347 3604 452 3664 Euscb,
468 3606 535 3655 ttr'st.
554 3605 625 3656 Eccl.
642 3603 685 3669 lll,
699 3605 739 3665 18,
754 3613 780 3655 et
795 3605 825 3665 V,
840 3604 870 3654 to
885 3605 910 3653 iu
926 3604 1037 3654 editione
1055 3604 1195 3655 Laemmer.
1211 3603 1261 3654 Clr.
1281 3603 1333 3653 tre·

202 3696 282 3757 nens,
296 3685 397 3736 Contra
413 3685 477 3735 lroer.
496 3686 527 3746 V,
543 3686 619 3745 XXX,
634 3687 659 3736 ὅ.

236 3766 271 3832 (ὅ)
286 3767 328 3818 Ad
341 3767 442 3832 olymp.
462 3766 520 3818 218.
536 3769 635 3819 Patrol.
649 3782 691 3834 qr.
710 3774 728 3818 t.
741 3767 816 3827 xcii,
830 3767 888 3818 605.

236 3849 273 3912 (4)
282 3849 386 3901 Scholia
395 3850 424 3899 in
435 3850 521 3914 Epist.
534 3850 575 3902 to.
590 3850 620 3902 S.
630 3850 737 3910 Dionys.
752 3865 839 3913 areop.
857 3847 953 3898 t'rrtrot.
967 3860 1010 3912 qr.
1023 3846 1124 3908 lutra,
1138 3847 1181 3897 ubi
1194 3848 1247 3897 hacc
1258 3849 1333 3898 rerba

202 3931 322 3993 habettr
342 3932 451 3982 Sanetus
464 3932 621 3996 Evangelism
636 3932 743 3982 loannes
764 3933 894 3994 ablegatus
912 3936 951 3980 est
963 3928 989 3978 in
1005 3929 1124 3979 Palmum
1142 3929 1260 3990 insulam,
1275 3943 1333 3992 quar

203 4013 339 4078 Cycladum
352 4027 402 4064 una
416 4023 454 4066 est
464 4015 512 4066 sub
527 4020 671 4066 extremam
687 4017 753 4066 anat
765 4016 839 4080 rrpm'
858 4013 1030 4066 Domitiani...
1047 4012 1161 4064 tlemlnit
1178 4013 1255 4076 hujus
1267 4014 1334 4063 rete-

202 4096 310 4160 gationis
329 4096 355 4146 S.
372 4096 475 4147 loannis
490 4099 539 4148 sub
555 4097 696 4164 Domitiano
714 4097 786 4149 factae
805 4097 924 4158 trenaeus;
941 4096 1059 4147 Clemens
1073 4095 1134 4147 item
1151 4097 1335 4147 Alexandrinus

201 4177 229 4227 in
252 4177 317 4228 libro
333 4177 397 4241 Quis
412 4179 483 4229 dives
500 4179 614 4230 sulvus?
630 4168 647 4227 ‘r
666 4179 857 4231 Observandum
874 4184 913 4229 est
931 4177 1097 4239 Clementem,
1115 4178 1182 4230 sicut
1199 4185 1225 4230 et
1243 4177 1335 4243 Orige-

202 4271 272 4323 uem,
290 4272 340 4310 non
352 4261 453 4312 tradere
469 4262 517 4312 sub
534 4274 644 4326 quonam
656 4262 810 4325 imperatore
821 4262 928 4313 loannes
939 4260 1069 4325 relegatus
1082 4258 1169 4311 tuerit.
1274 4310 1276 4315 .

238 4339 273 4406 (5)
287 4340 430 4393 Commeat.
448 4343 572 4410 loripes.
586 4343 686 4396 Patrol.
706 4357 747 4410 pr.
767 4342 829 4409 CVI,
845 4342 903 4395 514.
