3134 4934
306 354 381 400 runs
396 356 431 402 11.
445 356 540 401 curor
552 358 580 402 s.
597 358 634 399 on
646 358 878 410 unsruonnncru
891 360 917 404 s.
934 359 1022 401 nsum
1037 361 1197 409 narsrous.
1255 347 1319 411 557

189 450 287 538 gebat
309 453 456 519 Messinm
478 455 671 540 promissum
695 477 762 520 esse
784 457 893 520 Jesum
927 458 1103 523 amortuis
1125 460 1316 528 redivivum.

190 553 330 638 Quidam
354 578 393 620 ex
415 555 533 621 Judaeis
557 556 785 641 erediderunt,
817 580 857 621 ex
880 544 1045 644 prosdlytis
1067 581 1144 625 vero
1169 572 1201 626 et
1222 566 1319 628 etiam

190 658 361 743 gentilibus
372 624 544 725 multiludo
555 681 672 746 magna
685 670 717 725 et
729 682 793 725 nou
803 682 914 746 pauca
922 663 1073 727 mulieres
1085 664 1209 730 nobiles
1221 665 1319 731 fidem

191 762 347 846 amplexae
370 772 443 826 sunt
466 729 542 850 (1ss
553 764 635 828 llota
662 772 709 827 est
731 784 808 828 vero
831 785 850 827 a
873 763 992 828 Judaeis
1013 764 1185 832 incredulis
1207 768 1319 834 seditio

191 862 345 929 adversus
358 864 504 949 Paulum,
519 866 575 951 qui
587 875 715 931 coactus
727 875 774 930 est
786 864 862 931 inde
877 867 941 931 elio
954 889 987 931 se
1006 870 1191 936 transferre.
1212 872 1319 953 Quum

191 986 289 1051 porro
312 967 445 1031 Athenis
468 966 599 1052 degeret
622 969 752 1052 Paulus,
776 969 860 1033 misit
881 968 923 1032 ad
946 970 1241 1037 Thessalonicenses
1264 975 1321 1037 Ti-

192 1070 369 1153 motheum,
378 1072 441 1163 ‘qui
457 1091 512 1135 eos
528 1070 720 1135 confirmare
735 1080 767 1135 et
780 1071 937 1135 consolari
950 1072 1091 1137 debehat
1102 1096 1143 1138 ue
1156 1096 1322 1140 moreren-

192 1182 241 1236 tur
264 1174 298 1236 in
321 1172 590 1238 tribulationibus.
616 1175 819 1256 Timotheus,
841 1184 1011 1260 postquam
1027 1176 1322 1242 Thessalonicenses

191 1276 356 1359 visitasset,
375 1275 418 1341 ad
434 1277 572 1340 Paulum
587 1274 682 1340 rediit
697 1298 772 1340 eum
793 1276 945 1341 Corintho
961 1275 1092 1363 degeret
1103 1275 1198 1364 cique
1212 1281 1320 1344 eccle-

191 1379 244 1441 siae
256 1380 343 1443 istius
358 1386 479 1443 statum
490 1380 635 1465 exposuit
646 1351 719 1471 ω]

236 1484 267 1546 2.
282 1482 429 1566 Epistola
440 1483 476 1545 l·
491 1483 653 1547 scribendos
668 1474 792 1559 occasio,
810 1497 926 1570 tempus
943 1497 971 1548 et
988 1476 1081 1550 locus.
1101 1486 1210 1567 Quum
1226 1487 1322 1572 igitur

192 1586 363 1670 Apostolus
387 1606 407 1649 a
436 1586 603 1649 Timotheo
638 1584 800 1650 didicisset
834 1597 989 1673 quantam
1025 1589 1321 1653 Thessalonicenses

192 1687 349 1752 haherent
361 1686 471 1781 fidem,
490 1698 522 1777 et
538 1696 694 1775 quantum
707 1686 927 1754 desiderarent
941 1691 1206 1775 ipsumPaulum,
1223 1712 1321 1777 quem

192 1789 287 1854 valde
309 1790 499 1876 diligebant,
525 1812 634 1854 rursus
657 1789 779 1875 videre,
797 1799 829 1854 et
843 1812 944 1876 quum
960 1789 1091 1855 aliunde
1111 1791 1321 1877 impediretur

191 1895 362 1980 Apostolus
377 1892 470 1958 need
484 1915 538 1958 eos
546 1893 638 1978 juxta
652 1914 746 1957 suum
759 1891 953 1957 desiderium
967 1915 1000 1957 se
1013 1893 1185 1968 conferret,
1200 1914 1321 1978 cogno-

190 2018 282 2064 scens
305 2018 359 2061 eos
382 1996 526 2081 indigere
551 1995 656 2082 aliqua
686 1997 905 2060 exhortatione
930 2005 961 2059 et
984 1997 1171 2078 monitione,
1197 1997 1320 2080 scripsit

191 2105 330 2190 primam
342 2120 434 2164 suam
446 2100 620 2184 Epistulam
635 2097 677 2163 ad
693 2099 999 2165 Thessalonicenses.
1013 2098 1136 2183 Scripta
1152 2099 1249 2183 igitur
1261 2099 1321 2161 luit

191 2201 500 2286 Corintho,durante
507 2200 649 2266 secundo
659 2202 750 2290 Pauli
764 2203 876 2265 itinere
889 2202 1075 2287 apostolico,
1094 2202 1179 2265 eirca
1198 2222 1319 2264 annum
1427 2228 1430 2232 ⁴

191 2307 309 2373 55454.
325 2306 361 2368 ln
373 2302 659 2388 subscriptionibus
669 2302 816 2367 codicum
829 2321 1007 2387 graecorum
1019 2302 1135 2388 scripta
1149 2300 1264 2366 dicitur
1278 2301 1321 2365 ah

192 2408 336 2493 Athenis,
362 2406 418 2472 sed
439 2428 539 2493 quum
562 2428 601 2472 ex
624 2407 764 2493 Epistola
787 2416 908 2472 constet
930 2409 1081 2492 scriptam
1116 2405 1213 2471 fuisse
1249 2412 1320 2490 post

191 2511 374 2601 adventum,
387 2510 561 2594 Timothei,
586 2519 618 2573 et
640 2531 741 2597 quum
765 2511 948 2575 Timotheus
972 2508 1014 2573 ad
1037 2509 1173 2573 Paulum
1198 2509 1320 2572 venerit

192 2624 362 2701 postquam
385 2615 558 2699 reliquerat
577 2613 730 2695 Athenas,
752 2612 902 2689 standum
922 2622 968 2678 est
986 2634 1045 2698 pro
1065 2611 1227 2677 Corintho.
1254 2614 1321 2676 lla·

193 2718 278 2783 tione
292 2737 368 2801 ergo
382 2717 534 2801 temporis
546 2717 650 2802 prima
663 2725 709 2780 est
721 2716 803 2779 inter
814 2716 970 2800 Epistulas
981 2716 1143 2780 Paulines.
1208 2723 1212 2731 '

236 2822 268 2885 ὅ.
293 2821 526 2905 Argumentum.
549 2819 623 2883 Post
641 2820 864 2884 salutationem
880 2819 1009 2884 nomine
1026 2840 1095 2902 suo,
1112 2819 1274 2884 Timothei
1292 2829 1323 2882 et

77 3000 88 3007 ,
193 2924 314 2988 Silvani
326 2922 504 3007 gratulatur
515 2920 686 3007 Apostolus
696 2920 1028 2986 Thessalonicensibus
1040 2920 1081 2986 de
1093 2920 1198 2986 studio
1210 2941 1323 2986 eorum

196 3027 229 3090 in
245 3022 432 3109 accipienda
446 3033 477 3086 et
491 3021 697 3109 propaganda
720 3022 783 3087 fide
801 3022 855 3109 (1).
876 3023 936 3088 Eos
955 3022 1117 3088 collaudat
1137 3021 1224 3109 quod
1244 3023 1325 3085 inter

196 3127 387 3192 domesticas
406 3126 643 3211 persecutiones
659 3126 691 3189 in
708 3136 838 3211 accepta
860 3124 923 3189 fide
938 3124 1048 3191 fideles
1064 3126 1323 3212 permansissent,

121 3313 124 3319 ¹
197 3240 229 3295 et
248 3230 378 3294 interim
401 3249 465 3293 suae
486 3250 629 3314 personae
654 3226 967 3294 commendationem
989 3228 1157 3311 admiscet,
1182 3238 1217 3292 ut
1237 3278 1245 3311 ,
1265 3223 1325 3313 'qui

199 3354 263 3398 non
280 3333 383 3396 solum
403 3352 484 3416 pure
500 3342 531 3396 et
549 3333 671 3396 sineere
687 3323 846 3397 Christum
866 3332 941 3416 ipsis
963 3333 1191 3414 annuntiasset,
1214 3351 1326 3394 verum

199 3437 296 3501 etiam
309 3454 349 3499 ne
362 3457 417 3499 eos
432 3445 593 3520 gravaret,
608 3457 626 3498 a
644 3444 772 3520 sumptu
785 3432 973 3520 accipiendo
991 3433 1192 3498 abstinuisset
1211 3457 1218 3497 :
1233 3434 1327 3496 simul
1548 3488 1553 3499 .

198 3547 307 3603 autem
328 3558 420 3602 suum
437 3540 469 3600 in
491 3560 546 3602 eos
560 3558 718 3621 amorem,
736 3559 873 3623 suasque
887 3560 945 3623 pro
961 3539 1022 3601 illis
1036 3535 1077 3601 ad
1093 3539 1197 3601 Deum
1218 3557 1328 3622 preces
1421 3534 1534 3682 Ul

201 3643 304 3727 aperit
317 3624 591 3744 (Il-llllffiinde
607 3662 661 3705 eos
681 3640 827 3705 hortatur
844 3639 885 3703 ad
905 3642 1054 3704 virtutem
1075 3648 1268 3724 revocatque
1286 3619 1356 3700 ahl
1389 3616 1414 3678 θ
1508 3632 1538 3667 ”

143 3748 146 3752 ⁴
201 3742 413 3807 immoderata
431 3745 567 3826 tristitia,
586 3753 813 3842 QQ
826 3742 981 3841 lqupt
1006 3744 1096 3829 quasi
1120 3742 1174 3827 qui
1198 3741 1328 3803 omnino

201 3845 363 3930 periisent,
388 3852 420 3907 et
442 3845 616 3908 certissima
639 3866 694 3929 spe
720 3845 969 3929 resurrectionis,
1007 3842 1098 3928 eujus
1135 3851 1166 3906 et
1197 3839 1355 3963 modum,

114 3965 123 3969 ¹
203 3942 365 4029 describit,
389 3945 723 4039 consolatffl-v).
1456 3975 1502 4029 r,

248 4051 279 4113 l.
300 4048 446 4136 Epistola
462 4051 497 4112 2²
513 4049 675 4114 scribendo
687 4054 811 4125 occasio,
833 4061 948 4135 tempus
972 4059 999 4111 et
1020 4046 1111 4113 loccis.
1122 4015 1217 4143 [adnm
1240 4042 1332 4109 divus
1386 4059 1417 4109 cl
1430 4055 1453 4101 Cf
1503 4046 1546 4135 g,

1472 4144 1503 4221 l

238 4300 273 4361 (t)
284 4298 342 4350 Act.
357 4297 432 4359 xvh,
451 4299 474 4359 t,
491 4297 515 4347 h'.

239 4380 345 4445 (2)·Αοι.
357 4377 442 4441 XVlll,
459 4378 509 4440 531
521 4378 631 4431 Thessal.
647 4377 689 4441 lll,
702 4377 728 4430 2.
