3132 4964
274 275 318 340 98
502 290 702 334 lnraonucno
718 291 865 335 sancitus
882 293 914 335 Ill
930 293 956 336 S.
974 293 1175 339 SCRIPTUM.

271 393 384 473 dibile,
406 388 586 476 prodigiosa
609 390 728 454 scilicet
747 390 891 453 omnium
905 390 1090 457 Judaeorum
1108 413 1167 477 per
1185 392 1353 458 Estheram
1374 402 1411 458 et

273 493 511 559 Mardocbaeunr
527 490 569 554 ab
584 491 800 554 internecione
817 490 975 575 liberatio,
994 492 1056 557 hoc
1073 514 1171 579 quam
1190 495 1409 559 certissimum

272 607 331 661 est,
363 597 399 659 ln
430 593 513 663 illius
534 594 652 680 quippe
671 593 866 658 liberationis
887 596 1077 659 memoriam
1105 594 1206 659 Judaei
1231 599 1409 682 quotannis

271 697 477 767 celebrarunt
496 697 612 759 festum
638 696 750 761 Parim
774 717 830 759 seu
854 696 989 760 Sortium
1006 696 1065 783 (l)
1088 695 1272 761 Inauditum
1290 708 1409 763 autem

271 810 321 863 ost
335 798 509 863 institutam
523 817 668 881 unquam
683 796 778 888 luisge
795 797 1028 863 solemnitatem
1039 799 1073 861 in
1085 800 1274 863 memoriam
1290 800 1407 886 cujus·

273 904 360 989 piam
376 902 522 966 fictionis.
537 900 608 965 Vox
620 901 687 987 ipsa
701 901 824 985 persica
839 919 921 969 nuta
934 904 1049 986 purim,
1061 924 1126 988 qua
1139 903 1322 969 solemnitas
1338 904 1408 970 de-

270 1008 425 1092 signatur,
445 1003 565 1069 indicat
577 1005 810 1067 solemnitatem
826 1007 984 1089 respicere
1004 1027 1073 1069 rem
1087 1007 1119 1069 in
1135 1006 1263 1071 Perside
1279 1017 1404 1074 actam.

272 1110 425 1173 Universa
441 1108 538 1173 ctiam
555 1107 694 1170 narratio
710 1128 821 1170 seeum
835 1108 903 1192 ipsa
918 1109 1045 1192 egregie
1066 1110 1231 1191 consentit,
1253 1113 1407 1196 apprime
1435 1150 1438 1155 ·

271 1209 445 1297 respondet
462 1207 562 1273 indoli
590 1217 623 1272 et
649 1207 824 1273 conditioni
854 1231 1062 1295 personarum
1082 1220 1113 1275 et
1136 1212 1282 1276 institutis
1303 1223 1406 1300 atque

272 1316 381 1379 usibus
411 1315 592 1377 Persarum.
617 1312 809 1396 Fragmenta
833 1335 930 1398 porro
958 1312 1258 1399 deuterocanonica,
1280 1315 1406 1382 nedum

271 1417 446 1482 narrationi
462 1424 679 1500 opponantur,
696 1436 769 1478 eam
791 1398 953 1501 complent
975 1427 1006 1482 ct
1030 1419 1123 1503 plura
1146 1420 1306 1504 explicant
1329 1444 1406 1507 quae

272 1523 306 1597 iu
325 1520 423 1605 priori
447 1517 520 1581 libri
544 1525 634 1600 parte
662 1518 713 1580 vel
731 1517 918 1601 innuuntur,
940 1519 992 1582 vel
1015 1521 1198 1585 summatim
1216 1520 1401 1588 traduntur.

272 1624 465 1707 luterpretes
481 1629 588 1684 autem
605 1619 755 1685 catholici
770 1621 908 1684 minutas
926 1619 1126 1687 difficultates
1142 1643 1213 1708 quae
1227 1634 1406 1689 occurrunt
1494 1618 1497 1623 ’

266 1724 396 1812 jamdiu
413 1722 587 1791 diluerunt.
609 1720 660 1786 nd
681 1744 761 1809 quos
783 1724 985 1791 remittimus.

317 1831 348 1892 7.
372 1827 446 1912 Otj.
472 1828 508 1890 In
532 1826 614 1890 libro
638 1827 777 1891 Estheris
801 1828 920 1911 pluries
945 1829 1098 1913 ingeritur
1120 1832 1247 1918 mentio
1264 1831 1404 1919 alicujus

273 1933 356 2017 regis
371 1933 554 2011 Persarum,
583 1930 711 1993 nomine
734 1930 886 2013 Assueri5
903 1929 973 2016 jam
992 1942 1101 1996 autem
1121 1934 1178 1997 iste
1194 1956 1250 1999 rex
1271 1959 1403 2020 prorsus

272 2035 450 2117 incognitus
479 2040 526 2095 est
550 2029 732 2095 auctoribus
757 2032 909 2116 profanis,
935 2033 1090 2097 Praeterea
1125 2035 1312 2121 interpretes
1335 2059 1403 2103 non

271 2137 467 2202 conveniunt
487 2154 628 2220 quonam
653 2144 798 2219 tempore
819 2135 959 2201 Estheris
977 2135 1109 2199 historia
1130 2140 1281 2204 evenerit.
1305 2140 1403 2221 Quod

273 2252 446 2325 utrumque
470 2236 624 2302 indicium
646 2246 695 2300 est
716 2237 801 2300 banc
831 2239 1048 2319 narrationem
1070 2260 1137 2304 esse
1161 2263 1290 2326 prorsus
1313 2243 1404 2309 licti-

272 2345 362 2407 tiam.
1160 2418 1164 2424 ,

315 2449 348 2509 8.
375 2446 464 2527 Resp.
491 2443 619 2506 Assueri
653 2462 771 2505 nomen
797 2443 974 2505 communis
1005 2446 1179 2532 appellatio
1211 2457 1257 2511 est
1285 2469 1403 2533 regum

271 2551 443 2613 Persarum
454 2557 487 2610 et
504 2544 670 2609 Medorum
684 2545 715 2607 in
732 2544 895 2629 Scriptura
912 2567 1015 2629 sacra,
1033 2557 1067 2610 ut
1077 2546 1215 2613 diximus
1226 2573 1323 2635 supra
1335 2552 1399 2638 (2).

271 2655 388 2718 Mirum
407 2652 502 2735 igitur
516 2670 579 2711 non
594 2655 641 2710 est
655 2645 740 2710 istud
753 2668 870 2711 nomen
888 2670 953 2713 non
966 2671 1134 2716 occurrere
1150 2651 1236 2737 apud
1254 2663 1403 2720 auctores

270 2777 392 2842 graecos
420 2753 475 2838 qui
503 2750 684 2814 nominibus
707 2750 843 2835 propriis
865 2752 924 2815 hos
951 2773 1043 2837 reges
1066 2752 1234 2839 designant
1246 2781 1255 2839 3
1280 2758 1402 2823 mirum

272 2860 392 2945 pariter
414 2878 479 2921 non
501 2864 572 2937 est,
607 2854 683 2939 quia
706 2852 835 2917 Assueri
859 2857 1031 2940 appellatio
1058 2857 1203 2942 pluribus
1226 2862 1399 2946 convenit,

272 2966 460 3047 interpretes
473 2956 644 3022 discertare
658 2954 699 3019 de
710 2977 853 3041 quonam
866 2978 942 3042 rege
955 2958 1161 3044 intelligenda
1177 2963 1226 3028 sit.
1244 2962 1402 3031 Auctores

271 3066 405 3155 quidem
435 3063 530 3149 graeci
554 3059 595 3123 de
619 3058 757 3123 Estheris
780 3060 911 3124 historia
935 3062 1049 3145 silent,
1075 3062 1131 3127 sed
1154 3065 1225 3149 quis
1253 3087 1401 3152 unquam

271 3163 436 3236 contendit
447 3165 572 3230 Grecos
583 3161 690 3226 omnia
705 3163 847 3226 retulisse
865 3183 936 3248 quae
952 3174 1115 3247 gesserunt
1127 3186 1218 3250 reges
1230 3165 1401 3234 Medorum

271 3282 304 3336 et
316 3273 486 3334 Persarum
499 3266 514 3328 l
528 3265 628 3349 Igitur
644 3263 739 3327 allata
753 3262 921 3328 difficultas
934 3266 1013 3329 nihil
1029 3266 1144 3352 probat
1157 3276 1267 3332 contra
1280 3271 1402 3335 verita-

272 3384 338 3438 tem
354 3372 490 3435 bistoriae
506 3368 655 3430 Estheris.

316 3478 349 3539 9.
368 3475 533 3537 Divinitas.
559 3469 662 3532 Prior·
675 3468 746 3532 libri
766 3491 851 3552 parS,
878 3491 950 3555 quae
968 3471 1119 3569 hebraice
1141 3472 1290 3559 habetur,
1315 3477 1402 3541 inter

274 3581 371 3645 libros
389 3575 652 3661 protocanonicos
682 3593 808 3657 semper
829 3584 996 3638 numerata
1021 3575 1082 3638 luit
1094 3599 1103 3657 3
1130 3578 1285 3660 posterior
1307 3598 1399 3661 vero,

272 3705 345 3772 qua
357 3701 459 3768 graece
477 3685 599 3741 tanturn
615 3673 763 3757 babetur,
778 3696 889 3739 ansam
907 3676 1043 3760 praebuit
1057 3678 1165 3741 multis
1177 3678 1294 3743 litibus.
1314 3681 1400 3745 Pro-

308 3960 342 4021 (l)
356 3957 515 4006 Mocconstat
528 3964 559 4002 ex
573 3950 602 4002 ll
612 3948 695 4000 Mucia.
707 3947 760 4008 XV,
771 3955 797 3998 et
809 3949 1046 4017 extosephoAatiq
1066 3951 1084 4000 l
1097 3950 1138 4012 xl,
1152 3964 1173 4001 c.
1185 3950 1228 4011 Vl,
1239 3953 1264 4013 5,
1274 3952 1317 4003 ubi
1328 3953 1398 4006 istud
1420 3948 1426 3973 ⁸

271 4042 365 4091 testum
381 4051 431 4087 non
442 4048 529 4086 recens
542 4035 669 4083 invectum
684 4031 728 4080 sed
738 4030 887 4111 iamdudum
901 4034 1033 4084 inductum
1044 4033 1123 4083 tuisse
1136 4033 1271 4096 colligitur

307 4126 342 4190 (a)
353 4125 410 4175 vra
427 4132 480 4174 „or
494 4124 518 4182 l,
533 4136 558 4185 p.
574 4123 618 4173 til
637 4118 732 4168 Numen
743 4098 876 4196 &libitia
889 4120 1054 4181 compositum
1073 4122 1146 4181 putat
1163 4117 1238 4167 Finst
1255 4117 1397 4179 (concord

273 4224 382 4277 Biblior.
403 4220 471 4270 hebr
492 4219 569 4270 adli.
594 4217 630 4282 r.)
648 4230 681 4267 ex
704 4200 775 4264 vll&
794 4218 890 4279 persice
906 4218 940 4268 st
944 4218 985 4279 alr,
1006 4228 1062 4278 reo,
1084 4223 1111 4267 et
1131 4201 1221 4309 Mill}
1238 4217 1395 4281 scbeoerscb,

271 4320 453 4390 gemiti-2
468 4321 584 4383 uindex
595 4318 808 4381 inscriptionibus
819 4318 981 4370 cuneilorrnis
994 4318 1077 4381 dictis,
1094 4285 1236 4372 ooutrdrari
1252 4315 1361 4367 ridetur.
