3142 4964
338 350 412 393 PARS
425 351 448 393 1.
463 335 556 392 CAPU'l
568 349 615 391 111.
634 349 673 390 DE
684 348 782 393 altars
798 350 925 393 subleuat
943 350 979 393 ΕΤ
990 350 1082 395 suun.
1235 336 1276 400 69

150 448 232 534 tigit,
253 457 288 511 ut
308 457 488 511 constater
509 468 580 532 cap.
602 449 628 531 1,
649 450 665 511 1
689 472 697 512 t
717 452 756 511 In
771 450 871 514 diebus
894 452 985 514 maius
1007 451 1136 525 dudleia,
1155 455 1276 537 querulo

93 594 96 605 .
151 552 273 615 dedices
289 562 449 636 pr'oeerant,
461 551 542 634 sacta
560 563 603 614 est
613 552 710 636 fames
729 555 761 615 iu
778 565 870 632 terra,
890 562 951 617 etc.
970 552 1154 638 Disputatur
1168 563 1275 619 autem
1338 520 1463 634 aslz
1489 582 1497 603 ·

55 646 64 663 ⁸
151 651 211 716 sub
226 674 292 738 quo
307 651 413 748 judice
431 653 498 716 haec
514 653 643 716 historia
664 654 841 738 contigerit,
860 662 891 717 et
911 654 979 717 fere
995 640 1131 719 totsunt
1145 666 1276 720 senten·
1387 608 1424 719 s

41 828 44 834 ¹
108 771 113 791 ’
150 757 200 819 tiae
219 765 297 841 quot
312 764 468 819 auctores.
484 756 553 819 Non
571 755 791 840 improbabilis
806 755 931 821 videtur
946 757 1065 842 opinio,
1082 770 1153 843 quae
1173 759 1276 843 ipsam

150 857 211 922 suh
224 851 431 953 Qliudice'
440 858 576 943 reponit.
594 858 705 944 Neque
722 860 817 923 etiam
835 868 957 923 constat
973 881 1114 944 quonam
1132 870 1274 943 auctore,
1303 884 1374 955 *st
1384 908 1422 980 44

151 948 364 1048 autlsuonam
387 971 530 1046 temporo
554 962 750 1046 conscriptus
774 961 871 1025 luerit
886 961 969 1025 liber
988 946 1095 1062 Ruth]
1107 963 1153 1026 Ex
1172 965 1275 1048 primo
1367 964 1390 1015 α’
1436 944 1513 981 Μ’

150 1066 308 1129 versiculo
337 1073 471 1151 apparet
495 1062 646 1138 ludicum
671 1074 815 1149 tempora
827 1065 906 1151 -jam
922 1065 1019 1129 fuisse
1043 1067 1163 1152 elapsa,
1190 1077 1221 1132 et
1237 1090 1277 1132 cx

151 1166 213 1231 fine
242 1166 328 1250 libri,
354 1169 387 1230 in
414 1188 478 1252 qua
494 1164 624 1230 Davidis
644 1168 763 1230 mentio
783 1167 947 1252 ingeritur,
974 1166 1175 1235 concluditur
1203 1169 1276 1234 libri

152 1272 385 1336 confectionem
402 1269 622 1357 reponendam
635 1293 700 1352 non
713 1293 779 1335 esse
795 1281 868 1335 ante
884 1271 971 1335 initia
987 1257 1274 1369 Davidisfflurimi

152 1363 471 1470 cumLThalm‘udistis
491 1348 658 1441 airtumant
680 1377 863 1440 Samuelem
892 1377 977 1439 illius
1006 1398 1072 1441 esse
1097 1359 1292 1471 auctorem]

40 1514 51 1525 -
149 1480 309 1544 Dictiones
322 1485 551 1542 aramaizantcs
563 1500 636 1565 ¹quae
648 1481 835 1565 frequenter
847 1490 1030 1564 occurrunt,
1047 1480 1102 1544 ubi
1114 1502 1276 1545 sermones

150 1602 361 1666 personarum
383 1582 578 1664 referuntur,
596 1602 635 1645 ax
659 1582 810 1645 familiari
833 1582 941 1667 lingna
966 1604 1030 1669 qua
1048 1585 1113 1647 istae
1133 1606 1276 1672 personae

149 1684 323 1748 utebantur
336 1682 516 1770 repetendae
531 1693 614 1767 sunt,
630 1690 818 1748 non‘autem
833 1706 854 1754 a
870 1687 1049 1770 captivitate
1066 1686 1273 1773 Babylonica.

35 1788 37 1793 ’
150 1787 260 1852 Differt
276 1796 384 1850 tamen
400 1789 457 1850 iste
477 1786 603 1850 libellus
619 1786 728 1871 lingua
746 1788 883 1872 ‹et-stylo,
900 1797 968 1851 tum
985 1788 1098 1855 alibro
1110 1789 1273 1873 iudicum,

150 1900 216 1954 tum
232 1913 250 1955 a
264 1889 425 1976 prioribus
440 1891 565 1975 Regum
582 1889 682 1953 libris.
961 1875 966 1884 ¹
1322 1975 1326 1982 Ι

155 1981 245 2063 lll.
268 1994 358 2056 Fides
371 1992 513 2056 historica
529 2004 618 2076 utque
638 1993 792 2056 divinitas.
808 1995 1024 2073 Rationalistae
1043 1998 1158 2061 Ruthae
1173 2001 1275 2064 histo-

35 2080 36 2083 *
85 2142 99 2191 s
151 2097 229 2160 riam
252 2104 289 2158 ut
310 2095 453 2159 fictitiam
478 2093 609 2177 habent,
627 2092 683 2157 sed
704 2081 774 2180 quae
797 2093 934 2158 afferunt
954 2107 1143 2180 argumenta
1159 2101 1276 2166 nullius

52 2286 54 2289 Ι
82 2148 122 2303 li
151 2207 220 2262 sunt
235 2195 387 2284 ponderis
402 2222 411 2280 3
430 2185 687 2290 econtrala'pctor
710 2194 918 2287 itae-amida,
939 2208 1086 2286 accurate
1104 2211 1136 2264 et
1154 2200 1276 2289 absque

43 2333 48 2342 ,
124 2292 223 2365 ‘luco
238 2300 348 2364 omnia
363 2298 473 2381 refert,
491 2298 534 2361 ita
551 2298 810 2389 ingenueomnia
826 2296 987 2381 describit,
1006 2308 1037 2363 et
1052 2307 1275 2369 servatomnia
1380 2288 1413 2323 ‘⁶
1475 2280 1521 2315 ¹'

33 2456 34 2463 ,
102 2404 105 2410 ’
151 2424 218 2489 quae
242 2422 386 2487 congrua
406 2410 478 2479 sunt
499 2385 707 2485 temporibus,
733 2400 810 2484 legis
833 2410 864 2464 et
877 2403 1035 2487 personis,
1061 2411 1096 2466 ut
1115 2406 1276 2472 sincerum

151 2527 222 2569 eum
237 2515 269 2570 et
286 2502 350 2568 fide
366 2503 499 2588 dignum
518 2503 610 2569 fateri
625 2524 753 2567 neeesse
769 2503 819 2568 sit.
837 2502 870 2565 Si
890 2514 998 2567 autem
1016 2504 1138 2591 fingere
1154 2511 1276 2573 voluis-

149 2596 370 2698 setsllutham
382 2610 484 2690 certc‚‘
497 2603 627 2681 Davidis
647 2607 906 2691 progenitricem,
923 2628 961 2671 cx
977 2628 1076 2692 prava
1096 2610 1192 2675 Moab
1208 2614 1275 2677 ori-

152 2714 220 2797 gine
234 2708 404 2791 oriundam
416 2731 482 2773 non
499 2709 635 2792 lecisset,
650 2709 785 2793 etplura
802 2708 864 2772 alia
880 2730 952 2795 quae
963 2710 996 2772 in
1009 2709 1091 2774 libro
1104 2726 1276 2779 occurrunt

150 2816 199 2878 vel
222 2815 372 2878 tacuisset
398 2813 451 2874 vel
474 2811 565 2890 aliter
588 2811 745 2874 retulisset
769 2834 777 2875 ε
802 2808 904 2874 Judaei
926 2820 1033 2874 autem
1056 2822 1086 2875 et
1108 2813 1274 2881 Christiani

151 2938 277 3002 semper
297 2917 384 2981 hune
404 2913 620 2978 libruminter
640 2913 903 2998 protocanonicos
922 2902 1154 3019 numerarunh]
1248 2980 1251 2985 ξ
1297 2993 1300 2996 ἦ

153 3149 164 3181 c
184 3134 210 3185 la
228 3136 347 3185 eumdem
364 3134 456 3185 librum
474 3132 612 3196 (lodicum)
627 3131 791 3194 compingunt
811 3133 878 3183 auto
898 3146 904 3182 :
922 3134 982 3197 quia
999 3134 1026 3184 in
1044 3133 1134 3185 diebus
1155 3134 1283 3187 iudicum·

150 3215 213 3267 facta
225 3223 343 3267 narratur
353 3216 457 3268 hutone
470 3231 476 3266 :
489 3228 642 3280 quamquam
654 3214 768 3265 nonuulli
781 3214 848 3265 Ruth
860 3224 886 3266 et
902 3216 1010 3267 Cionoth
1028 3216 1095 3267 inter
1107 3217 1274 3283 hagiographa
1331 3236 1334 3239 ·

150 3297 300 3360 scriptitent.
315 3314 326 3342 s
1024 3302 1027 3305 ’
1187 3299 1190 3306 ’
1206 3306 1209 3312 ’
1343 3295 1346 3301 “
