3166 4958
282 291 345 354 180
497 309 696 353 sarnooucrro
720 310 867 353 srecrams
887 312 920 353 m
943 312 968 353 s.
994 310 1193 356 scarrruaan.
1225 322 1226 326 ¹

280 408 443 474 bationem
460 409 591 474 tandem
608 409 651 474 ad
668 431 780 474 verum
795 410 898 474 Deum
917 433 973 474 seu
989 411 1146 476 Christum
1163 409 1321 475 redituros
1342 411 1354 497 (
1379 409 1408 494 ).

281 511 427 577 Secunda
439 535 514 598 pars
523 511 679 599 (lv-xlv)
691 513 831 578 continet
840 513 971 577 oracula
983 534 1097 598 parum
1110 514 1191 577 inter
1204 534 1237 575 se
1247 533 1408 595 connexa,

280 614 395 699 quibus
415 616 575 700 Propheta
596 614 790 679 habitatores
808 616 907 679 Israel
930 625 961 679 et
978 613 1069 680 Judae
1094 614 1266 700 objurgat,
1292 635 1410 678 eorum

281 719 426 802 crimina,
451 719 589 789 maxime
613 717 840 802 idololatriam,
867 720 982 803 arguit,
1004 716 1210 802 praedicitque
1232 717 1263 779 in
1288 717 1409 780 horum

280 821 436 886 scelerum
449 842 578 907 poenam
591 821 623 884 in
636 821 851 907 captivitatem
863 818 1071 884 abducendos
1084 817 1186 885 donec
1199 839 1310 882 eorum
1320 819 1409 882 Deus

279 921 453 1009 aliquando
470 944 595 987 memor
613 924 663 987 sit.

750 1127 781 1233 P.
809 1125 887 1190 Joel.

321 1329 353 1391 7.
372 1328 443 1392 Joel
460 1320 560 1427 (Spu),
578 1325 739 1391 Phatuelis
754 1325 848 1409 filius,
865 1326 1013 1390 vaticinia
1029 1347 1085 1389 sua
1106 1326 1184 1412 stylo
1204 1324 1315 1409 nitido,
1333 1326 1405 1388 cle-

277 1449 415 1532 gantiae
428 1469 522 1532 puro,
536 1449 689 1513 exaravit.
704 1448 789 1512 Nihil
802 1446 842 1512 de
856 1447 924 1535 ejus
936 1449 1012 1531 vita,
1021 1451 1124 1533 patria
1138 1457 1169 1511 et
1180 1457 1324 1533 tempore
1337 1468 1404 1533 quo

277 1550 402 1632 vixerit,
416 1548 586 1634 Scriptura
598 1548 739 1616 uadunt.
755 1550 874 1614 Asserit
885 1551 917 1614 S.
936 1551 1147 1636 Hieronymus
1160 1551 1207 1636 (ἲ)
1223 1576 1238 1610 ιι
1256 1550 1405 1635 Prophe-

277 1662 336 1733 tas,
351 1654 384 1717 in
397 1653 513 1739 quibus
524 1663 651 1740 tempus
667 1677 732 1719 non
745 1656 913 1741 praelertur
925 1657 958 1719 in
975 1655 1079 1739 titulo,
1093 1654 1154 1741 sub
1172 1655 1234 1719 illis
1246 1677 1300 1719 eos
1313 1654 1404 1739 regi-

276 1754 337 1819 bus
361 1756 578 1840 prophetasse,
597 1755 656 1820 sub
673 1756 789 1844 quibus
806 1768 837 1821 et
852 1758 897 1841 hi,
912 1758 968 1844 qui
984 1766 1058 1821 ante
1075 1778 1128 1821 eos
1145 1756 1264 1821 habent
1280 1756 1401 1838 titulos,

277 1858 520 1942 prophetarunt.
532 1884 547 1919 ι)
563 1860 657 1923 Juxta
669 1860 754 1924 hanc
767 1861 925 1945 regulam,
940 1882 959 1924 a
972 1860 1117 1945 pluribus
1128 1866 1236 1924 tamur
1249 1857 1403 1945 rejectam

276 1967 308 2021 et
329 1981 348 2023 a
375 1959 408 2023 S.
438 1959 632 2046 Hieronymo
659 1983 718 2046 pro
738 1961 844 2026 Abdia
869 1970 900 2025 et
921 1960 1074 2025 Habacnc
1099 1962 1300 2046 neglectam,
1329 1961 1403 2024 Joel

276 2064 515 2148 prophetaverit
534 2062 595 2128 sub
615 2064 689 2128 Oria
714 2063 846 2150 ejusque
878 2064 1134 2146 successoribus,
1169 2064 1249 2127 sicut
1279 2061 1402 2125 dictum

275 2175 323 2229 est
347 2165 388 2230 de
406 2166 509 2249 Osee,
535 2167 589 2231 alii
608 2169 719 2231 volunt
737 2168 861 2231 loelem
882 2189 949 2231 csse
969 2166 1048 2230 Osee
1071 2165 1283 2251 antiquiorem
1302 2174 1401 2250 atque

274 2269 335 2333 sub
364 2289 439 2354 rege
466 2270 543 2333 Joas
573 2271 710 2353 vixisse,
737 2270 791 2333 alii
815 2292 833 2334 e
858 2279 967 2334 contra
991 2289 1065 2334 eum
1095 2269 1218 2332 faciunt
1236 2267 1401 2353 juniorem

274 2380 370 2457 atque
394 2372 553 2435 collocant
575 2374 627 2435 vel
650 2371 709 2435 sub
732 2372 866 2435 Ezechia
887 2373 938 2435 vel
964 2371 1023 2435 sub
1048 2372 1213 2451 Manasse,
1249 2391 1312 2456 quo
1334 2390 1400 2433 non

275 2496 343 2538 csse
356 2477 567 2539 recentiorem
582 2496 622 2538 ex
637 2475 773 2560 puritate
795 2475 863 2560 styli
881 2476 955 2538 satis
969 2483 1114 2560 apparet.

318 2578 349 2641 8.
375 2577 608 2662 Arpumentum.
641 2577 773 2641 Brevior
801 2579 869 2641 haec
898 2577 1066 2662 prophetia
1086 2574 1237 2640 describit
1256 2582 1399 2639 extrema

274 2679 360 2742 mala
390 2700 460 2765 quae
491 2700 623 2764 passura
653 2687 699 2742 est
728 2677 914 2743 ludaeorum
936 2690 1033 2761 terra,
1064 2687 1176 2743 urente
1206 2678 1343 2742 siccitate
1368 2685 1400 2740 et

274 2780 441 2845 destructis
464 2782 563 2846 vineis
585 2792 681 2868 atque
705 2783 789 2867 agris
818 2782 861 2846 ab
893 2783 1008 2865 erucis,
1042 2782 1182 2864 locustis,
1215 2781 1344 2845 bruchis
1368 2789 1399 2843 et

273 2884 431 2969 rubigine,
462 2884 521 2949 sub
545 2907 683 2972 quorum
716 2888 909 2951 insectorum
933 2888 1072 2972 imagine
1101 2885 1284 2970 Propheta,
1305 2883 1399 2971 juxta

273 2986 307 3049 S.
328 2984 558 3072 Hieronymum
574 2996 604 3052 et
620 2989 699 3052 alios
717 2989 916 3073 interpretes,
937 2986 1079 3074 praedicit
1098 2987 1184 3050 mala
1198 2984 1316 3051 Judaeis
1337 2985 1401 3049 ob-

273 3097 406 3152 ventura
427 3088 469 3152 ab
485 3089 620 3154 inimicis
641 3111 765 3172 eorum,
787 3111 938 3175 nempea
963 3087 1128 3171 Chaldaeis,
1150 3089 1264 3170 Persis,
1284 3086 1402 3152 Graecis

273 3200 305 3254 ct
327 3191 492 3255 Romanis.
514 3192 687 3279 Postquam
708 3202 815 3257 autem
848 3193 1008 3277 Propheta
1038 3193 1096 3255 ista
1126 3192 1213 3255 mala
1238 3191 1399 3276 peccatori

209 3375 214 3382 .
273 3294 393 3378 populo
417 3295 627 3358 comminatus
652 3304 720 3379 est,
745 3296 849 3381 ipsum
882 3293 922 3359 ad
947 3294 1164 3379 poenitentiam
1188 3302 1219 3357 et
1236 3291 1399 3379 jejunium

273 3397 440 3479 hortatur,
467 3406 563 3482 atque
590 3407 661 3482 post
688 3398 905 3484 poenitentiam
932 3399 1039 3462 futura
1066 3397 1152 3462 bona
1182 3395 1397 3482 repromittit,

272 3497 479 3586 praedicitque
505 3500 657 3585 Spiritum
680 3502 808 3566 Domini
832 3502 864 3565 in
896 3523 1006 3566 omnes
1032 3498 1289 3582 effundendum,
1325 3518 1398 3585 quae

272 3600 395 3684 effusio,
414 3600 488 3665 divo
508 3602 601 3667 Petro
619 3613 796 3687 attestante,
819 3613 890 3689 post
909 3604 1126 3668 ascensionem
1149 3600 1275 3666 Domini
1295 3601 1328 3663 in
1344 3597 1398 3663 die

271 3705 472 3769 Pentecostes
487 3703 571 3769 facta
587 3715 643 3769 est.
661 3705 779 3770 Ultimo
792 3707 895 3792 capite
907 3705 1057 3771 describit
1071 3706 1232 3789 Propheta
1246 3703 1398 3766 ultimum

266 3806 425 3893 judicium
444 3807 474 3871 in
500 3809 584 3873 valle
595 3809 760 3893 iosaphat,
780 3809 814 3873 in
835 3830 899 3896 quo
915 3810 999 3873 Deus
1020 3830 1130 3874 omnes
1145 3816 1253 3893 gentes
1262 3804 1398 3892 judica-

304 4013 339 4076 (t)
362 4014 482 4078 Plerique
499 4014 622 4076 Patron,
640 4016 762 4076 Basilius,
783 4014 890 4078 Cyritlus
907 4015 958 4076 hl,
978 4012 1154 4078 Augustinus,
1171 4027 1235 4079 quos
1252 4016 1398 4075 sequuntur

270 4093 369 4159 antiqui
379 4096 531 4159 interpretes
542 4103 569 4147 et
584 4097 698 4148 nonnulli
716 4097 877 4158 recentiores,
885 4097 1029 4148 -doarerunt
1038 4096 1083 4147 has
1096 4097 1209 4147 actiones
1225 4094 1326 4146 realiter
1334 4106 1398 4144 eon·

270 4174 366 4238 agisse.
385 4177 474 4227 Plures
494 4191 553 4229 vero
569 4179 742 4239 recentiores,
759 4180 824 4230 duce
842 4179 869 4230 S.
889 4178 1057 4243 Hieronymo,
1075 4184 1163 4230 tenent
1180 4192 1221 4230 cas
1240 4189 1322 4228 meras
1340 4188 1396 4226 esse

272 4256 407 4319 parabolas,
419 4263 464 4308 aut
474 4258 584 4322 symbola
598 4258 624 4308 in
638 4259 735 4311 risione
747 4259 913 4311 manifestata.

303 4335 339 4401 (2)
353 4337 432 4403 Pras.
445 4341 475 4391 in
485 4340 536 4392 ΧΗ
551 4341 650 4408 Propi.
