3132 4964
318 365 394 409 rans
409 366 433 408 1.
449 362 543 405 enom
558 363 611 403 xx.
631 360 670 402 on
686 360 861 402 morumne
876 361 1026 404 sensum.
1080 372 1084 380 ·
1182 342 1245 406 159

119 487 184 530 esse
196 463 358 546 Jeremiae,
376 483 451 527 cum
464 462 522 546 ipsi
534 460 678 544 apprime
694 460 810 522 scirent
822 460 1032 542 contrarium,
1047 468 1078 523 et
1091 459 1145 523 illa
1160 461 1245 525 vati-

119 570 200 634 cinia
232 574 342 630 contra
363 566 434 628 illos
453 561 622 627 iacerent?
654 561 703 625 An
729 561 830 625 Judoei
855 584 1001 649 unquam
1031 564 1246 648 permisissent

118 671 239 736 librum
257 667 438 752 confingere
462 686 601 751 eumque
625 676 660 728 ut
682 664 900 729 authenticum
922 665 1100 750 publicare,
1123 669 1158 730 in
1181 688 1245 752 quo

118 774 175 861 ipsi
193 774 457 858 gravissimorum
481 773 650 838 criminum
676 774 721 836 rei
740 771 940 855 dicebantur,
963 774 995 836 in
1016 795 1080 860 quo
1101 773 1246 838 affirma-

118 876 212 941 batur
237 898 292 941 eos
315 877 489 940 Jeremiam
512 885 547 939 ut
565 895 678 940 verum
697 875 890 960 Prophetam
909 878 1121 961 agnovissent
1138 888 1246 942 tamen

118 981 202 1044 male
227 981 413 1045 tractavisse
431 981 511 1044 etin
535 979 663 1043 vincula
684 977 800 1064 injuste
819 1000 949 1064 prorsus
969 979 1165 1044 tradidisse?
1183 978 1245 1045 Sed

119 1083 254 1147 sortasse
270 1082 352 1147 liber
366 1082 530 1146 coniectus
541 1080 638 1145 fuerit
649 1078 705 1143 diu
717 1089 788 1165 post
801 1081 1038 1165 captivitatem?
1050 1083 1126 1164 Quis
1140 1093 1246 1146 autem

121 1207 183 1249 non
198 1183 289 1249 videt
305 1186 366 1249 hoc
380 1205 508 1270 prorsus
525 1205 591 1247 esse
609 1182 831 1268 impossibile?
848 1183 879 1246 si
896 1185 982 1247 enim
1000 1185 1054 1250 hic
1069 1186 1151 1249 liber
1164 1195 1247 1249 tem-

120 1309 196 1373 pore
223 1288 415 1373 oaptivitatis
434 1308 499 1351 non
527 1286 652 1368 exstitit,
678 1285 840 1371 quomodo
863 1288 1084 1352 vaticiniorum
1102 1290 1247 1353 Jeremiae

120 1392 318 1454 mentionem
333 1391 514 1454 invenimus
528 1391 561 1452 in
577 1387 666 1452 libris
679 1387 798 1470 Esdrae,
816 1390 956 1454 Danielis
967 1401 1002 1454 et
1017 1391 1249 1456 Ecclesiastioii

121 1494 166 1556 Ex
176 1494 227 1556 his
240 1493 391 1557 omnibus
403 1502 489 1557 certo
503 1493 617 1557 certius
631 1491 785 1576 probatur
798 1491 915 1556 librum
928 1495 1075 1558 Jeremiae
1087 1496 1248 1559 authenti-

123 1615 192 1658 cum
214 1616 297 1658 esse.
322 1595 391 1659 Hoc
414 1603 521 1658 autem
548 1614 613 1657 non
641 1594 770 1657 omnino
795 1603 912 1678 negant
934 1596 1161 1680 Rationalistae,
1192 1596 1248 1661 sed

124 1706 237 1781 negant
257 1697 360 1761 solum
377 1696 445 1783 ejus
463 1697 687 1780 integritatem.
705 1696 752 1759 De
777 1716 841 1780 qua
865 1718 950 1761 nune
969 1719 1072 1783 pauca
1097 1698 1244 1765 dicenda.

164 1802 195 1864 8.
213 1800 379 1883 Intepritos
398 1798 470 1862 libri
483 1801 634 1862 deremioe.
649 1798 799 1884 Plerique
816 1800 1097 1871 Rationalistarum
1113 1804 1249 1888 integri-

125 1910 218 1965 tatem
237 1900 314 1964 libri
339 1901 486 1964 Jeremioe
508 1909 626 1984 negant
647 1909 678 1964 et
697 1903 791 1985 plura
811 1903 862 1966 vel
889 1904 1042 1987 pauciora
1069 1906 1248 1991 fragmenta

126 2006 234 2089 ignotis
261 2003 442 2067 auctoribus
470 2002 625 2067 tribuunt.
644 2003 695 2067 Sic
712 2004 757 2067 De
781 2005 888 2068 Wette
912 2004 1020 2070 addita
1043 2008 1141 2072 habet
1158 2031 1248 2095 quae-

127 2127 264 2192 eumque
276 2106 344 2169 fere
360 2107 393 2168 in
414 2113 501 2169 textu
522 2105 673 2169 hebraico
690 2106 896 2169 inveniuntur
910 2116 941 2170 et
958 2109 991 2171 in
1005 2110 1149 2174 versione
1165 2112 1249 2174 LXX

127 2208 247 2273 desunt.
277 2210 411 2293 lnsuper
434 2230 527 2292 capp.
552 2209 597 2291 X;
618 2208 850 2292 XXX-XXXI,
868 2210 1003 2274 XXXIII
1017 2212 1127 2276 tribuit
1141 2213 1249 2278 fictitio

129 2311 251 2377 crudam
267 2312 401 2395 auctori,
416 2332 514 2396 quern
526 2309 788 2375 Pseudo-lsaiam
801 2322 905 2395 voeat3
921 2334 993 2398 cap.
1007 2315 1250 2380 XXVII-XXIX

129 2415 244 2478 auctori
260 2413 367 2478 adhuc
378 2414 546 2477 recentiori
560 2413 708 2499 assignat.
718 2413 806 2503 Alios
817 2416 1039 2481 Rationalistas
1048 2419 1165 2502 partim
1178 2441 1251 2483 con-

130 2521 294 2584 sentientes
310 2520 426 2603 partim
442 2515 695 2582 contradicentes
712 2517 822 2581 habet.
844 2519 891 2581 Ex
910 2540 973 2604 quo
994 2518 1065 2605 jam
1082 2530 1170 2605 patet
1191 2523 1250 2585 ista

131 2631 242 2685 asserta
275 2642 341 2684 non
374 2641 441 2684 esse
472 2618 557 2689 ,adeo
589 2619 692 2684 firma.
716 2619 868 2683 Timidius
893 2620 1024 2706 quidem
1047 2623 1251 2708 progreditur

131 2721 173 2785 De
187 2723 309 2804 Wette;
330 2742 393 2784 non
413 2730 509 2805 negat
533 2720 677 2785 absolute
694 2720 816 2806 aliquid
832 2723 865 2785 in
887 2722 1075 2808 supradictis
1095 2725 1251 2810 capitibus

133 2822 273 2888 Jeremiae
283 2822 502 2905 tribuendum,
510 2821 566 2886 sed
579 2824 735 2907 excogitat
747 2824 937 2888 successivas
949 2825 1018 2910 ejus
1030 2828 1250 2891 vaticiniorum
1312 2895 1317 2905 ,

134 2929 328 2992 recensiones
343 2936 374 2992 et
389 2928 635 2991 immutationes.
653 2927 729 2990 Haec
742 2936 849 2990 autem
865 2948 994 3011 prorsus
1009 2931 1144 3013 gratuito
1161 2951 1251 2993 asse-

116 3037 242 3103 runtur
255 3037 287 3093 et
302 3039 413 3093 contra
428 3027 583 3092 disertum
601 3037 703 3091 textus
719 3037 886 3110 assertum,
905 3049 969 3113 quo
984 3029 1130 3092 Jeremiae
1148 3031 1251 3114 capita

135 3130 316 3217 impugnata
343 3130 556 3196 vindicantur.
588 3130 712 3194 Etenim
739 3132 873 3215 legimus
902 3151 974 3215 cap.
1000 3131 1102 3216 XXX,
1121 3134 1164 3195 l:
1188 3134 1252 3196 Hoc

135 3233 248 3297 verbum
271 3236 353 3320 quod
372 3236 487 3320 [actum
509 3246 552 3298 est
573 3234 613 3298 od
636 3236 802 3297 Jeremiom
826 3257 851 3297 a.
867 3235 998 3298 Domino
1014 3236 1124 3310 dicens,
1139 3245 1199 3300 etc.
1221 3245 1252 3299 et
1360 3262 1362 3266 ’

137 3354 202 3421 cap.
227 3337 374 3419 XXXIII,
401 3338 417 3400 1
446 3362 454 3399 :
478 3337 520 3398 Et
541 3336 655 3420 factam
675 3346 718 3399 est
741 3334 861 3399 vebum
885 3336 1010 3399 Domini
1032 3337 1072 3400 cd
1087 3339 1251 3400 Jeremiom

135 3440 267 3513 secundo,
283 3461 351 3503 eom
362 3430 459 3501 adbuc
476 3450 550 3503 esset
566 3442 599 3501 in
613 3440 690 3500 atrio
706 3440 844 3510 carceris,
859 3438 969 3510 dicens,
982 3448 1043 3503 etc.
1064 3439 1125 3525 (1).

176 3508 344 3606 ostiarius
368 3553 395 3605 et
421 3543 580 3605 versiones.
616 3540 770 3603 ieremias
805 3540 911 3604 omnia
945 3561 1002 3604 sua
1036 3542 1188 3607 vaticinia¹
1218 3545 1252 3607 in

138 3641 274 3726 linguam
290 3642 475 3708 hebraicam
494 3633 603 3705 edidit.
650 3649 770 3704 ttamen
786 3640 829 3704 ob
844 3642 994 3727 frequens
1005 3643 1106 3727 gentis
1114 3626 1262 3728 judaicae:

140 3765 208 3809 cum
232 3734 385 3811 Chaldaeis
408 3747 648 3827 commercium,
671 3743 739 3831 ejus
756 3747 852 3831 stylus
868 3747 999 3812 vocibus
1015 3756 1047 3810 et
1063 3746 1274 3839 dictionibus,
1371 3762 1373 3767 '

140 3819 465 3943 chaldaicisredolmJ,
486 3851 550 3912 imo
565 3849 739 3912 versiculus
754 3850 798 3912 2⁰·
819 3869 890 3932 cap.
910 3850 952 3931 X,
972 3858 1053 3913 totus
1070 3845 1268 3913 chaldaicus

140 3962 192 4017 est.
212 3978 227 4012 <r
244 3954 400 4019 ieremias
417 3954 590 4038 Propheta,
616 3951 718 4037 inquit
741 3951 774 4014 S.
801 3951 1012 4037 Hieronymus
1027 3951 1088 4037 (2),
1107 3971 1264 4014 sermone¹

992 4160 997 4191 l

171 4300 205 4364 (l)
218 4302 377 4383 Difficultates
391 4301 473 4353 fusius
484 4301 557 4352 solvit
566 4301 659 4364 Welte,
674 4300 777 4351 Eiolrtt.
790 4310 807 4351 t.
821 4300 863 4362 lll,
878 4313 903 4364 p.
918 4299 1002 4351 5582.

171 4382 206 4449 (2)
215 4384 319 4452 Protop.
334 4385 364 4435 io
375 4384 428 4435 Jer.
1064 4401 1066 4405 ·
