3166 4958
276 307 339 372 252
505 326 704 372 rnrnonuorro
723 326 870 369 sracnars
883 325 915 367 m
934 325 960 368 s.
977 325 1177 370 scararunau.

275 448 314 490 eo
334 427 436 511 magis
449 423 489 489 de
504 427 604 510 Papia
619 427 703 490 valet
721 423 808 511 qnod
825 425 935 488 asserit
954 445 987 488 se
1007 423 1192 510 diligentem
1212 427 1404 511 praemisisse

274 526 316 590 de
338 527 399 591 hac
423 548 458 591 rc
479 527 729 612 inquisitionem.
755 526 909 590 Eusebius
938 524 1068 611 quidem
1102 527 1245 591 referens
1271 529 1405 614 Papiam

274 629 376 693 errori
388 629 641 692 millenariorum
656 627 826 693 adhaesisse
844 629 888 692 ait
903 629 1008 714 ipsum
1025 628 1112 693 erilis
1128 630 1289 694 admodum
1307 633 1406 716 [aisse

273 733 399 816 inperii,
418 732 494 818 quia
516 732 636 796 scilicet
658 753 767 796 errore
792 731 908 795 siverat
931 753 965 795 se
988 730 1105 816 decipi.
1125 731 1166 795 At
1188 731 1275 797 idem
1297 734 1404 797 Euse-

273 833 356 917 bius,
375 836 400 898 si
416 835 505 899 locus
520 856 584 898 nou
599 835 637 898 sit
649 834 867 919 interpolatus,
882 835 979 919 paulo
996 843 1069 898 ante
1085 833 1232 899 dixerat:
1251 860 1266 895 a
1284 836 1402 920 Papias

273 956 415 1022 quoqne,
440 936 697 1020 Hierapolitanos
721 937 899 1021 episcopus,
921 933 1035 1000 eadem
1058 945 1148 1000 aetate
1171 937 1306 1001 celebris
1323 936 1398 1020 fuit,

273 1039 320 1100 vir
336 1039 486 1122 imprimis
498 1038 627 1102 disertus
643 1049 670 1101 et
684 1038 819 1102 eruditus
835 1059 869 1101 uc
883 1038 1108 1123 Scripturorum
1128 1041 1256 1123 parites.
1276 1064 1291 1098 r>

317 1140 369 1203 ll.
395 1140 512 1204 Dicunt
533 1141 566 1203 2⁰
593 1162 601 1203 ε
626 1140 824 1223 Matthaeum,
848 1139 941 1227 juxta
967 1140 1112 1224 Papiam,
1137 1140 1218 1203 nihil
1241 1138 1402 1225 degestio

272 1242 399 1326 Christi,
422 1240 478 1306 sed
494 1243 598 1307 solum
621 1242 690 1329 ejus
706 1264 858 1307 sermones
874 1242 926 1327 (ari
945 1239 1036 1329 λόγια)
1058 1242 1230 1327 scripsisse.
1249 1240 1311 1305 Sed
1335 1262 1403 1305 uon

272 1346 453 1430 intelligunt
474 1366 603 1408 sensum
627 1344 799 1409 verborum
823 1345 940 1430 Papiae.
965 1347 1088 1408 Etenim
1113 1344 1239 1429 Papias,
1265 1344 1346 1408 sicut
1370 1353 1403 1407 et

273 1449 328 1513 alii
350 1448 518 1533 scriptores
535 1447 737 1512 ecclesiastici
753 1447 816 1533 (l),
833 1448 979 1512 latiorem
996 1448 1115 1534 praebet
1136 1445 1404 1533 significationem

274 1552 425 1616 locutioni
456 1559 510 1623 τοῖς
537 1547 633 1638 λόγως.
659 1548 796 1631 Quando
811 1540 944 1635 ¹Papias
963 1552 1008 1615 ait
1033 1551 1216 1615 Matthaeum
1238 1550 1402 1635 scripsisse

274 1675 426 1720 sermones
453 1650 557 1740 (le'yre)
581 1653 709 1738 Christi,
726 1675 792 1718 non
821 1652 941 1718 idcirco
966 1650 1107 1718 excludit
1134 1653 1220 1717 facta
1246 1673 1317 1739 quae
1339 1653 1405 1715 illis

275 1755 475 1821 sermonibus
498 1759 699 1822 occasionem
722 1755 959 1840 dederunt,ch
982 1777 1053 1843 quae
1073 1776 1235 1820 sermones
1250 1757 1403 1821 comitata

275 1870 331 1926 aut
354 1869 459 1925 secuta
484 1861 625 1943 fuerunt.
651 1862 719 1924 Imo
743 1861 938 1925 contrarium
962 1881 1000 1923 cx
1020 1860 1088 1946 ipso
1108 1859 1207 1944 Papia
1228 1859 1401 1943 colligitur.

244 1996 246 2000 ·
274 1963 357 2027 Nam
369 1963 435 2048 ipse
450 1984 591 2027 asserens
608 1964 751 2027 Marcum
768 1963 928 2047 scripsisse
942 1963 1020 2026 dicto
1038 1974 1066 2025 et
1084 1974 1166 2046 perta
1186 1960 1302 2027 Christi
1306 1961 1404 2045 juxta

274 2067 360 2130 Petri
376 2063 646 2150 predicationem,
667 2062 756 2128 addit
771 2064 900 2128 Petrum
924 2062 1144 2149 praedicavime
1163 2061 1255 2148 juxta
1278 2063 1405 2126 utilita-

275 2178 340 2233 tem
363 2167 574 2251 audientium,
596 2189 661 2232 nou
691 2189 767 2232 vero
787 2177 822 2230 ut
844 2167 1010 2231 historiam
1033 2188 1205 2231 sermonum
1226 2162 1325 2253 (ὶόγων
1348 2167 1404 2231 vel

274 2269 384 2358 lesina)
394 2272 442 2357 (2)
454 2273 582 2336 Domini
598 2277 792 2353 contexeret,
807 2269 864 2334 ubi
879 2268 969 2334 vides
985 2289 1096 2333 vocem
1112 2265 1182 2355 idle
1197 2270 1249 2349 vel
1264 2272 1341 2356 le‘ym
1358 2268 1401 2333 de

275 2376 424 2439 universa
442 2374 572 2438 historia
588 2374 784 2458 evangelica,
799 2381 894 2457 prout
909 2372 989 2436 dioto
1011 2381 1042 2436 et
1057 2371 1139 2458 sacto
1162 2373 1398 2458 complectitur,

276 2478 434 2562 usurpari.
454 2478 611 2540 Praeterea
626 2476 741 2561 Papias
758 2475 839 2539 libro
863 2497 920 2540 suo
938 2476 1064 2539 titulum
1077 2473 1198 2538 lecerat
1218 2476 1400 2560 :Interpre-

276 2582 348 2644 totio
362 2598 419 2643 seu
434 2580 587 2641 cromatio
599 2599 771 2641 sermonum
786 2579 1005 2642 dominicorum
1019 2575 1129 2663 (lopiac
1144 2577 1307 2663 κυριακῶν).
1323 2575 1403 2656 Quis

275 2683 360 2748 dicet
374 2681 507 2767 Papiam
520 2679 619 2764 egisse
636 2678 837 2744 solummodo
854 2677 895 2743 de
912 2678 1098 2744 sermonibus
1118 2680 1255 2752 Domini,
1272 2679 1404 2742 seclusis

275 2784 394 2850 factis?
409 2780 610 2849 Contrarium
626 2791 761 2869 apparet
773 2803 813 2845 ex
828 2783 950 2867 paucis,
968 2801 1039 2866 quae
1054 2779 1095 2845 ad
1112 2802 1170 2845 nos
1186 2789 1402 2865 pervenerunt

274 2887 473 2973 fragmentis,
491 2883 657 2970 inquibus
675 2885 790 2969 Papias
806 2886 870 2970 agit
888 2883 929 2949 de
949 2885 1078 2948 historia
1094 2885 1236 2949 mulieris
1257 2883 1400 2970 plurium

274 2991 444 3057 criminum
459 2996 614 3054 accusatae
628 2986 713 3052 etde
728 2996 831 3052 morte
846 2986 937 3052 ludar
952 2984 1135 3073 proditoris,

318 3092 372 3157 15.
388 3090 542 3156 Eusebius
564 3090 689 3154 nullum
714 3099 752 3155 ex'
768 3089 857 3155 libris
874 3090 979 3175 Papia
995 3090 1209 3154 testimonium
1230 3089 1270 3153 de
1286 3084 1400 3154 Evan-

306 3352 343 3416 (1)
356 3352 436 3402 Voces
451 3350 520 3414 atym
533 3351 626 3418 ruptam
643 3364 773 3403 ammoneo
790 3353 894 3404 Domini
910 3352 991 3405 latiori
1009 3365 1084 3403 seusu
1099 3352 1129 3403 de
1146 3351 1239 3402 nostris
1255 3350 1400 3415 Evangeliis

274 3438 411 3484 sumuntur
420 3444 460 3494 ap.
474 3432 603 3494 Firmium,
619 3432 735 3487 aihtron.
750 3435 804 3484 eod.
821 3433 879 3495 228,
893 3432 993 3485 Potrot.
1006 3446 1047 3501 pr,
1061 3431 1122 3495 ctu,
1133 3433 1179 3483 ool.
1191 3431 1250 3493 965,
1261 3432 1305 3483 ubi
1318 3444 1399 3496 agens

274 3518 307 3568 de
322 3516 350 3567 S.
369 3515 501 3579 prraemo
517 3514 577 3565 ait:
598 3532 609 3564 r
630 3516 775 3582 scriptore
797 3517 850 3582 ipsi
863 3522 924 3567 sunt
941 3522 1013 3567 vetas
1031 3516 1225 3577 Testamentum,
1245 3521 1269 3567 et
1287 3516 1401 3568 oraculo

273 3596 408 3650 dominica
424 3596 528 3664 (uptam
538 3595 616 3663 λέγω)
634 3602 658 3647 et
675 3599 824 3663 apotolica
832 3599 1041 3665 praedicationes,
1058 3598 1151 3663 quibus
1165 3598 1248 3650 verbis
1261 3611 1320 3649 cum
1334 3600 1398 3649 unl-

274 3692 361 3729 versus
381 3678 518 3750 Scriptura
530 3680 642 3730 ambitus
657 3679 897 3742 circumscribatur„
913 3693 958 3744 per
973 3683 1002 3729 aa
1020 3682 1088 3745 atym
1105 3687 1187 3732 totum
1201 3680 1398 3745 Evangeliorum

272 3774 365 3824 corpus
382 3761 413 3811 ab
429 3767 578 3824 argumento
594 3760 724 3824 priuctpatl
735 3762 889 3825 designatur.
908 3762 1003 3814 Eodem
1015 3776 1091 3815 seusu
1103 3763 1148 3814 tras
1163 3775 1235 3813 voees
1248 3776 1300 3825 Jam
1316 3777 1397 3815 usur·

272 3845 382 3910 parics.
396 3842 505 3894 trenaeus
516 3844 688 3896 concretior.
701 3843 720 3904 l,
733 3844 794 3905 vm,
810 3846 834 3896 1.
848 3845 899 3896 Nec
913 3847 1014 3897 mirum.
1030 3848 1083 3897 Vox
1097 3847 1164 3896 euim
1183 3845 1246 3910 alpe
1266 3846 1298 3896 ad
1307 3846 1398 3897 imita-

272 3931 368 3983 tionem
383 3929 453 3981 bebr.
465 3926 519 3976 'trt
528 3929 556 3980 iu
566 3929 596 3980 N.
608 3928 638 3979 T.
650 3940 699 3978 non
714 3925 792 3978 semet
807 3933 857 3977 tam
873 3925 904 3976 de
920 3928 1063 3978 narratione
1073 3927 1132 3978 lacti
1143 3940 1219 3992 quam
1232 3930 1264 3979 de
1280 3941 1400 3980 sermone

272 4011 415 4063 adhibetur.
428 4008 480 4061 Ch.
496 4011 582 4065 More.
600 4008 619 4069 l,
630 4008 672 4071 ὣς
687 4007 729 4069 tlt,
746 4008 785 4069 10;
799 4009 860 4058 Luc.
874 4004 892 4068 l,
906 4007 931 4069 -l3
941 4009 999 4059 Art.
1013 4007 1075 4069 vttt,
1086 4007 1129 4059 st.
1141 4009 1192 4060 Nec
1202 4010 1294 4060 desunt
1307 4021 1399 4060 exem·

274 4096 314 4158 pta
341 4092 455 4157 eiusdem
479 4091 665 4157 significationis
691 4090 759 4154 apud
782 4095 898 4140 auctores
921 4089 1046 4152 profanos.
1067 4091 1129 4142 Vide
1154 4090 1271 4142 Demoret
1287 4090 1304 4139 Ι.
1322 4103 1346 4141 c.
1369 4104 1399 4155 p.

275 4173 395 4226 tao-reo.

307 4256 343 4320 (Ξ)
353 4255 460 4319 Quidam
477 4256 544 4307 enim
561 4255 659 4307 codices
672 4254 764 4306 habent
775 4253 863 4319 antor,
877 4259 906 4303 ut
917 4254 1032 4305 observat
1050 4253 1080 4305 u.
1094 4254 1216 4307 Lt'mmer.
1227 4255 1253 4305 iu
1269 4238 1318 4306 sua'
1331 4267 1398 4308 nova

272 4336 384 4392 editione
394 4337 462 4390 Hiet-
472 4335 540 4391 dccl.
557 4335 670 4391 Emebr'i.
682 4336 772 4399 scopu
790 4333 862 4388 1862.
