3166 4958
275 265 338 330 att
505 284 704 330 rnrnonucrro
720 287 867 331 srncrxns
881 287 917 330 m
934 289 960 333 s.
978 288 1178 338 scarorum.

264 384 462 471 ,excogitavit
486 386 674 471 hypothesin
698 387 753 450 toti
776 384 936 451 traditioni
959 387 1147 473 inauditam,
1174 392 1238 457 imo
1267 399 1401 458 contra·

274 490 369 553 riam.
383 489 485 552 Finxit
504 509 618 573 nempe
640 488 715 552 olim
732 489 883 553 exstitisse
896 491 1093 575 primitivum
1106 493 1271 578 quoddam
1288 498 1402 560 Evan-

275 592 394 675 gelium
419 590 621 675 (Germanice
648 590 925 676 Ur-annqelium)
941 593 1029 677 prius
1051 597 1211 661 aramaice
1226 578 1401 683 scriptum]⁸

276 691 392 757 deinde
415 712 517 777 grace
539 693 751 775 translatum,
776 692 864 778 quod
888 695 1091 760 immutatum
1115 707 1146 761 ct
1171 700 1403 785 locupletatum

276 817 334 881 per
350 797 541 859 successivas
558 793 736 859 additiones
752 805 784 859 et
804 797 1017 881 recensiones,
1035 820 1116 884 quas
1136 801 1241 885 primo
1259 802 1406 888 quinque

276 897 392 962 deinde
412 896 582 962 duodecim
602 899 782 980 somniavit,
797 898 1023 983 edomaverit,
1041 899 1174 966 diversis
1189 903 1403 989 temporibus,

277 1003 448 1086 Evangelia
472 1003 620 1084 Matthaei,
638 1003 737 1067 Marci
761 1011 791 1066 et
813 1002 907 1068 Lucae
927 1003 987 1089 (l).
1006 1004 1190 1070 Eiebhornii
1213 1007 1406 1092 hypothesin

276 1108 309 1170 in
328 1106 473 1191 pluribus
493 1117 599 1169 tamen
620 1106 820 1168 immutatam
833 1106 940 1170 Marah
953 1116 985 1170 et
1000 1106 1094 1172 Gratz
1109 1107 1317 1174 admiserunt.
1338 1108 1405 1174 Sed

278 1220 482 1275 surrexerunt
510 1210 587 1291 alii,
613 1211 680 1295 qui,
705 1207 874 1293 repudiata
896 1210 1062 1294 hypothesi
1083 1211 1218 1298 alicujus
1237 1214 1404 1298 Evangelii

181 1327 184 1332 “
278 1315 458 1400 primigenii
482 1314 589 1398 scripti
617 1310 705 1398 quod
728 1313 880 1397 perierit,
905 1314 935 1376 ei
958 1313 1187 1379 substituerunt
1211 1317 1405 1402 hypothesin

278 1416 442 1500 Evangelii
465 1416 644 1500 primigenii
675 1420 730 1479 otc
760 1412 905 1497 traditi,
928 1436 1026 1500 quam
1052 1415 1264 1482 diversissime
1292 1440 1406 1482 rursus

280 1520 488 1603 explicarunt.
505 1518 597 1581 Hanc
612 1518 774 1602 proposuit
786 1502 1002 1600 Eckermann,
1017 1516 1231 1583 defenderunt
1247 1519 1402 1603 Gieseler,

279 1618 431 1703 Credner,
447 1620 568 1697 Sabell,
586 1620 632 1682 De
649 1619 768 1702 Wette,
785 1619 1073 1703 Schleiermacber,
1093 1621 1159 1685 alii.

261 1724 264 1729 ’
293 1717 296 1720 ’
322 1724 375 1787 ll.
389 1724 421 1786 Si
436 1722 532 1808 hujus
546 1722 706 1785 sententiae
719 1723 844 1806 patroni
856 1723 919 1787 boc
935 1722 994 1786 sihi
1010 1732 1133 1787 tantum
1149 1725 1279 1808 vellent,
1292 1726 1406 1790 Evan-

278 1826 397 1910 gelium
410 1827 529 1890 seilicet
539 1844 597 1889 'ore
609 1847 647 1889 ae
659 1824 883 1910 predicatione
896 1826 991 1889 fuisse
1004 1835 1215 1911 propagatum
1229 1837 1405 1913 antequam

278 1932 389 1994 litteris
406 1928 624 2009 mandaretur,
648 1928 853 1992 libentissime
873 1929 1109 2012 assentiremus,
1131 1930 1157 1994 si
1175 1932 1293 1998 vellent
1311 1933 1403 1996 blar-

279 2057 353 2099 cum
377 2036 467 2120 plura
492 2056 531 2097 ex
554 2032 779 2118 praedicatione
797 2033 894 2115 Petri,
921 2032 1040 2097 Lucam
1063 2034 1155 2117 plura
1179 2056 1218 2098 ex
1241 2033 1404 2119 predica-

278 2139 363 2203 tione
378 2139 480 2222 Pauli,
495 2139 647 2216 hausisse,
662 2158 719 2201 nos
735 2158 799 2200 non
815 2135 972 2201 haberent
984 2136 1247 2223 contradicentes,
1267 2136 1300 2201 id
1313 2139 1402 2203 enim
1432 2160 1437 2169 ·

279 2252 309 2306 et
332 2263 451 2307 novum
485 2241 719 2304 Testamentum
750 2239 888 2302 insinuat
921 2248 952 2302 et
977 2236 1105 2303 traditio
1128 2240 1249 2305 asserit.
1272 2239 1334 2304 Sed
1359 2240 1402 2305 dc

277 2346 386 2429 aliquo
400 2343 573 2427 Evangelio
592 2350 758 2426 prototypo
773 2342 824 2404 rel
840 2342 920 2404 orali
936 2341 987 2405 vel
1000 2341 1128 2426 scripto,
1146 2340 1232 2428 quod
1250 2364 1308 2427 per
1322 2363 1401 2406 sue-

278 2449 412 2511 ccssivas
427 2449 512 2510 vices
525 2446 620 2509 fuerit
631 2446 845 2528 immutatum,
864 2441 968 2508 donee
983 2443 1139 2510 obtineret
1155 2443 1400 2531 quadruplicem

277 2539 366 2613 illam
394 2549 544 2631 Matthaei,
569 2548 679 2629 Marci,
704 2547 796 2610 Luce
820 2556 850 2610 et
873 2546 1003 2611 Joannis
1026 2546 1166 2611 formam
1188 2569 1288 2634 quam
1312 2569 1400 2613 nunc

278 2652 387 2734 habet,
404 2652 489 2715 illius
505 2671 545 2714 ne
562 2651 727 2734 vestigium
744 2646 874 2735 quidem
891 2649 1050 2734 reperitur
1066 2650 1099 2712 in
1115 2659 1180 2714 tota
1196 2651 1397 2736 antiquitate,

278 2765 309 2818 et
330 2755 476 2819 omnibus
492 2751 670 2817 inauditum
691 2752 751 2815 suit
765 2761 937 2838 antequam
954 2752 1180 2818 rationalistica
1195 2753 1400 2819 inveheretur

278 2862 398 2926 critica.
1285 2880 1288 2883 ·

320 2965 373 3028 12.
392 2962 511 3027 ancld.
531 2962 712 3046 Praecipuus
730 2968 836 3023 antem
857 2958 980 3022 Schola
999 2957 1230 3045 Goettingensis
1247 2969 1401 3043 patronus

276 3064 383 3130 Enald
403 3064 616 3129 recentissime
641 3061 700 3125 sibi
723 3061 808 3124 visus
828 3067 874 3123 est
898 3059 985 3122 omni
1010 3056 1186 3124 difficultati
1208 3060 1294 3124 viam
1314 3081 1404 3146 prae-

277 3169 416 3233 clusisse.
441 3167 535 3231 Juxta
560 3163 663 3250 ipsum
688 3163 838 3227 exstiterit
869 3163 973 3246 primo
1005 3161 1153 3247 quadam
1187 3163 1326 3227 narratio
1361 3161 1403 3228 de
1522 3157 1526 3163 ’

277 3273 367 3336 factis
383 3272 508 3352 Christi,
532 3266 647 3332 deinde
674 3268 736 3331 alia
755 3265 921 3330 efformata
945 3264 1040 3328 luerit
1064 3265 1210 3330 collectio
1233 3266 1402 3330 ellatorum

281 3374 360 3460 ejus.
386 3373 462 3435 Haec
490 3371 585 3434 variis
609 3379 704 3455 atque
725 3369 820 3434 variis
841 3364 945 3431 modis
968 3366 1059 3430 luere
1082 3366 1273 3451 coadunata,
1299 3367 1404 3432 donec
1491 3366 1494 3371 ’

280 3474 410 3541 tandem
435 3495 506 3537 eam
530 3474 710 3557 acciperent
733 3472 872 3536 formam
897 3490 995 3556 quam
1019 3480 1126 3535 nostra
1150 3472 1322 3556 Evangelia
1345 3493 1404 3535 re·

278 3585 481 3665 presentant.
506 3575 582 3639 Haec
612 3573 742 3660 quidem
774 3582 862 3637 cxtra
896 3571 1016 3636 Eualdi
1050 3574 1252 3658 phantasiam
1276 3575 1403 3639 nullum

281 3680 526 3747 fundamentum
562 3676 705 3761 habent,
743 3677 810 3761 ipse
834 3685 941 3739 tammr
968 3675 1062 3739 simul
1085 3673 1222 3740 admittit
1246 3679 1402 3762 originem

283 3785 490 3874 apostolicam
520 3791 699 3846 nostrorum
723 3779 970 3865 Evangeliorum
998 3788 1030 3842 et
1059 3780 1190 3843 'stultum
1218 3782 1404 3865 pronuntiet

281 3913 354 3957 eum
372 3889 427 3974 qui
444 3885 484 3950 de
496 3886 668 3970 Evangelio
683 3883 814 3950 Joannis
828 3881 989 3947 dubitaret
1004 3880 1064 3967 (2).

312 4085 348 4150 (l)
358 4084 415 4135 vid.
431 4084 467 4132 De
478 4081 573 4140 Wette,
583 4079 733 4144 Eialettcnp
748 4082 776 4129 ia
788 4081 837 4130 das
848 4081 883 4133 N.
899 4082 925 4133 Τ.
938 4079 1005 4147 §aa
1018 4080 1045 4132 6·
1060 4083 1100 4132 ed.
1112 4081 1231 4142 berolini,
1246 4079 1317 4131 1860.

314 4167 349 4232 (et
364 4166 450 4216 Varias
469 4163 619 4226 hypotheses
642 4161 674 4212 de
699 4161 834 4226 Evangelio
859 4163 986 4225 primitivo
1010 4164 1128 4226 exposuit
1146 4170 1173 4214 et
1197 4161 1333 4214 consumsit
1352 4161 1401 4215 ld.

282 4250 368 4309 Mater,
380 4247 527 4306 Etaieituap
538 4246 565 4293 ia
579 4245 619 4293 dte
628 4245 736 4308 schrift.
747 4246 773 4296 d.
784 4245 820 4298 N.
834 4245 861 4300 T.
872 4258 929 4309 pars
942 4245 961 4308 l,
973 4251 1035 4297 sect.
1048 4245 1068 4307 1,
1078 4244 1153 4312 §att
1164 4245 1216 4297 Cir.
1226 4245 1262 4296 De
1273 4245 1401 4308 Valroger,

280 4330 422 4381 Introduct.
437 4328 512 4377 citt.
530 4326 559 4387 ll,
571 4326 688 4380 558545.
