3166 4958
236 288 299 356 tia
461 306 660 362 mrnonnciro
677 316 823 362 erremus
840 317 872 361 m
889 317 915 363 s.
933 316 1132 362 scaurorum.

235 421 267 482 in
282 416 433 504 Hexaplis
452 417 607 503 Origenis.
628 417 781 503 Origenes
797 420 906 483 insuia
924 419 1078 504 Tetraplis
1093 428 1125 482 et
1143 419 1295 505 Heraplis
1311 418 1364 506 (l)

235 523 415 586 versionem
431 522 514 585 LXX
526 520 683 586 adhibuit.
702 520 914 608 Hieronymus
930 522 962 584 in
976 519 1095 586 comm.
1110 524 1143 586 in
1155 522 1238 587 Dae.
1250 523 1310 607 IV,
1327 524 1363 607 6,

152 620 154 623 ’
235 625 302 687 ait:
327 648 342 682 a
365 623 517 709 Origenes
534 623 568 687 in
588 645 673 687 nono
696 624 880 687 Stromotom
905 624 1068 687 volumine
1090 625 1201 688 asserit
1224 646 1270 709 se,
1290 643 1366 711 quoe
1465 662 1469 667 ·

235 736 410 812 sequuntur
437 725 480 790 ab
506 726 569 791 hoc
595 727 666 791 loco
685 727 718 790 in
735 727 895 810 Propheta
912 727 1055 811 Daniele,
1082 747 1146 792 non
1165 727 1258 814 juxta
1278 729 1366 793 LXX

235 831 439 915 Interpretes,
458 830 512 916 qui
530 830 666 893 multum
692 827 734 892 ab
756 828 908 893 hebraica
931 828 1281 914 veritate'discordant,
1304 830 1363 896 sed

230 932 324 1018 juxta
346 931 571 997 Theodotionis
594 930 765 996 editionem
788 930 955 995 disserere.
984 958 999 994 r
1024 933 1063 996 Et
1083 933 1183 1018 Pref.
1197 935 1245 996 'ite
1273 933 1358 997 Dee.

201 1112 204 1117 y
235 1032 324 1098 addit
343 1055 351 1097 t
371 1058 385 1092 r
406 1034 571 1097 Danielem
593 1032 788 1117 Prophetam
805 1032 898 1118 juxta
922 1034 1007 1097 Lxx
1027 1034 1219 1119 interpretes
1233 1035 1360 1101 Domini

235 1137 406 1201 Salvatoris
430 1137 569 1200 ecelesiae
587 1157 651 1199 non
671 1138 792 1220 legunt,
810 1145 933 1199 utentes
948 1134 1172 1200 Theodotionis
1195 1135 1357 1206 editione:

236 1249 263 1301 et
282 1238 336 1302 hoc
348 1259 400 1300 cut·
413 1238 563 1310 occiderit,
582 1238 678 1300 stoacio
684 1282 748 1300 .....
765 1238 830 1300 Hoc
845 1238 940 1301 enom
957 1236 1112 1324 affirmare
1124 1258 1260 1323 possum,
1279 1225 1360 1324 quod

193 1346 196 1349 ’
235 1339 365 1403 ocultum
377 1363 396 1401 o
411 1342 534 1402 veritate
551 1339 698 1402 discordet
713 1350 830 1403 streete
841 1340 959 1424 juditio
973 1341 1133 1424 repudiata
1151 1344 1201 1405 st't.
1220 1341 1358 1422 »Quum

235 1443 330 1527 igitur
349 1444 451 1506 versio
464 1440 549 1504 LXX
567 1439 622 1504 diu
637 1438 778 1505 obsoleta
797 1451 827 1504 et
844 1443 951 1526 ignota
969 1441 1154 1527 delituisset,
1174 1442 1359 1509 Vincentius

193 1584 195 1588 ι
235 1544 276 1610 de
305 1545 446 1629 Regibus
475 1564 547 1608 eam
578 1565 617 1608 ex
636 1545 815 1628 Tetraplis,
841 1546 874 1608 in
898 1544 1008 1613 codice
1031 1545 1177 1611 Chisiano
1200 1548 1355 1631 repositis,

235 1646 461 1731 edidit,Romae
474 1648 536 1712 177
538 1647 673 1711 asimut
688 1645 772 1711 edita
784 1648 844 1711 fuit
857 1649 957 1713 altera
969 1650 1122 1714 versionis
1132 1648 1356 1714 Theodotianae

234 1753 389 1816 recensio.
415 1750 526 1815 Differt
547 1760 654 1814 autem
681 1751 794 1835 saepius
816 1752 917 1814 versio
940 1752 1024 1820 Lxx
1052 1761 1179 1818 etertu
1200 1754 1357 1839 primige-

235 1857 288 1920 nio
306 1854 365 1940 (2).

192 1919 310 2064 φρ.
332 1956 443 2022 Versio
460 1964 566 2020 nostra
587 1954 723 2039 Vulgata
741 1976 780 2017 ex
800 1954 928 2019 hebraeo
942 1964 974 2020 et
988 1955 1131 2023 chaldoeo
1147 1979 1167 2022 a
1182 1958 1214 2022 S.
1237 1959 1357 2024 Hiero·-

236 2081 331 2148 nymo
356 2057 519 2123 elaborata
535 2056 605 2122 init.
626 2059 664 2120 In
680 2057 866 2143 fragmentis
885 2057 1179 2126 deuterooanonieis
1199 2063 1358 2127 vertendis

235 2186 311 2228 usus
326 2171 372 2226 est
384 2163 596 2247 Hieronymus
613 2162 758 2225 versione
774 2160 998 2227 Theodotionis
1010 2132 1091 2259 (5).J

280 2269 311 2330 8.
331 2268 455 2339 Auctor,
472 2276 554 2338 aetes,
572 2276 660 2349 atque
677 2267 849 2328 auotoritas.
868 2266 958 2329 Tanti
975 2269 1129 2332 momenti
1148 2277 1194 2332 est
1209 2269 1240 2332 in
1256 2270 1359 2334 stabi·

236 2369 343 2433 lienda
360 2368 522 2431 divinitate
538 2366 698 2451 religionis
715 2367 892 2430 christianae
907 2366 989 2432 liber
1012 2369 1163 2454 Danielis,
1186 2381 1222 2435 ut
1240 2372 1359 2436 mirum

237 2495 302 2536 non
330 2472 368 2534 sit
392 2472 477 2534 hunc
503 2469 622 2533 librum
648 2470 760 2553 saepius
784 2471 1006 2555 impugnatum
1030 2471 1227 2538 missalem
1244 2475 1358 2540 secuto

237 2577 328 2639 tertio
360 2573 552 2657 Porphyrius
581 2570 653 2635 libri
682 2573 821 2636 Danielis
849 2574 1081 2639 confectionem
1102 2577 1135 2640 in
1164 2578 1360 2663 temporibus

238 2677 386 2741 Antiochi
410 2674 583 2759 Epiphania
614 2695 769 2758 reponere
803 2676 903 2740 voluit
933 2677 993 2762 (4)
1026 2679 1109 2743 Eum
1132 2680 1361 2765 impugnarunt

239 2780 402 2852 Eusebius,
429 2775 630 2859 Methodius,
656 2778 863 2862 Apollinaris,
890 2789 921 2843 et
942 2780 1164 2867 Hieronymus.
1189 2783 1361 2869 Disjeotam

238 2904 335 2968 porro
354 2879 521 2965 Porphyrii
545 2881 852 2962 argumentationem
872 2878 977 2946 denuo
1001 2884 1138 2947 excitare
1157 2894 1292 2949 conatus
1315 2897 1363 2951 est

238 2985 384 3070 Spinoza,
404 2983 494 3068 cujus
510 2982 572 3046 hae
587 2979 628 3045 de
643 3002 678 3044 re
696 2980 790 3046 valde
805 2984 957 3047 intricatae
973 2994 1045 3048 sunt
1057 2986 1232 3071 opiniones.
1247 2987 1363 3053 Auda-

240 3090 319 3152 ctius
336 3097 444 3150 autem
467 3085 682 3150 Rationalistae
705 3085 871 3149 Danielem
891 3087 1170 3172 impugnaverunt.
1198 3092 1285 3155 Inter
1308 3114 1363 3157 eos

240 3188 425 3255 nominandi
443 3197 515 3279 sunt
532 3186 676 3270 Corrodi,
695 3187 859 3272 Berthold,
877 3190 1047 3276 Eicbhorn,
1064 3193 1110 3256 De
1126 3195 1245 3278 Wette,
1261 3195 1364 3260 Gese-

273 3438 307 3502 (t)
323 3438 371 3488 Pro
392 3437 508 3505 hexaplis
521 3445 594 3500 negat
609 3442 696 3487 auctor
715 3436 830 3487 Dotiietis
840 3437 920 3499 josto
937 3438 1015 3502 LXX,
1034 3447 1120 3492 eontra
1137 3455 1214 3505 quem
1232 3442 1291 3495 facit
1309 3446 1363 3507 ipsa

240 3520 318 3570 editio
332 3519 499 3582 hexaplorum
513 3531 552 3581 ap.
569 3517 661 3581 iligna,
678 3517 778 3568 Petrei.
793 3532 836 3585 qr.
850 3518 911 3581 llil,
926 3521 952 3571 5·
967 3534 1033 3584 pars.

273 3601 308 3665 (2)
319 3601 371 3652 Cir.
384 3613 455 3664 capp.
468 3600 488 3661 l,
499 3602 524 3661 5,
542 3601 582 3661 ii,
596 3599 636 3659 tit
649 3599 680 3661 il,
692 3601 717 3659 8,
734 3601 774 3660 ti,
790 3599 831 3662 2&
844 3601 895 3663 vti,
909 3601 933 3663 it,
944 3604 969 3663 ὃς
982 3602 1024 3664 tx,
1038 3603 1080 3664 ΞΒ,
1092 3604 1134 3656 27.

272 3684 308 3748 (5)
319 3684 373 3734 Non
387 3682 501 3733 versione
520 3681 627 3745 Aquila,
648 3687 677 3732 ut
692 3682 782 3731 asserit
797 3681 889 3745 Glaire3
898 3684 973 3747 ouon
989 3692 1057 3748 patet
1070 3700 1103 3737 ex
1116 3688 1249 3738 oollauone
1264 3689 1363 3740 utrius-

239 3780 290 3830 que
307 3765 428 3816 versionis
444 3772 470 3815 et
492 3777 523 3814 ex
544 3763 672 3815 notatione
688 3764 712 3814 S,
734 3764 802 3813 iiier.
821 3773 880 3815 ante
895 3779 950 3830 cap.
966 3765 1021 3817 lilii
1040 3782 1046 3817 :
1064 3785 1075 3815 r
1097 3768 1158 3830 Quae
1175 3767 1318 3834 sequuntur
1330 3772 1363 3823 de

240 3848 419 3899 Theodotionis
431 3847 542 3897 editione
553 3846 669 3896 translata
684 3853 752 3895 sunt.
767 3864 778 3892 r

272 3931 308 3997 (i)
323 3948 334 3976 r
349 3931 441 3981 Contra
456 3929 583 3979 Danielem
605 3928 705 3991 scripsit
721 3928 884 3992 Porphyrius,
899 3931 983 3994 inquit
1003 3928 1029 3981 S.
1053 3931 1219 3997 Hieronymus
1233 3934 1316 3999 (Prot.
1334 3936 1363 3986 in

240 4013 327 4078 Dani,
344 4014 507 4063 nolens-eum
519 4010 620 4074 abipso
634 4011 708 4073 cuius
724 4011 861 4073 inscriptus
875 4019 914 4063 est
932 4014 1042 4075 nomine,
1060 4027 1116 4065 esse
1127 4017 1305 4078 compositum,
1318 4017 1362 4068 sed

239 4112 254 4148 a
276 4097 383 4160 quodam
407 4095 451 4158 qui
467 4094 624 4157 temporibus
640 4090 765 4152 Antiochi,
789 4095 834 4157 qui
849 4096 988 4158 appellatus
1004 4102 1044 4147 est
1066 4097 1221 4162 Epiphanes,
1241 4099 1363 4151 fueritin

240 4178 333 4237 iudaea,
353 4184 379 4227 et
396 4190 446 4226 non
463 4184 514 4226 tam
532 4175 657 4226 Danielem
675 4181 779 4226 ventura
798 4176 900 4235 dixisse,
918 4191 994 4241 quam
1009 4178 1080 4229 ilium
1095 4192 1209 4232 narrasse
1225 4183 1360 4244 preterita.

242 4260 355 4323 Denique
366 4258 490 4323 quidquid
505 4271 587 4322 usque
601 4259 632 4308 ad
649 4258 799 4308 Antiochum
816 4259 917 4321 dixerit,
933 4274 1015 4311 veram
1033 4260 1163 4312 historiam
1181 4265 1319 4328 continere3
1340 4265 1362 4315 si

239 4341 302 4406 quid
317 4347 401 4391 autem
414 4338 479 4390 uitia
492 4339 609 4402 opinatus
619 4339 662 4402 sit,
677 4340 736 4404 quia
750 4339 835 4390 lutura
846 4341 964 4393 nescierit
977 4355 1031 4405 esse
1043 4343 1187 4395 mentitum.
1201 4358 1214 4393 s
