3168 4948
236 277 301 342 558
454 291 654 338 rmnunucno
669 290 817 335 sos-:murs
833 290 864 332 m
881 287 907 331 s.
925 284 1126 330 scmrrnasu.

238 396 399 484 quissimis
412 404 515 460 textus
534 394 628 478 graeci
648 388 813 456 codicibus
830 386 990 452 habentur
1003 393 1098 471 prout
1115 404 1202 448 nune
1220 389 1370 466 exstant3

239 500 400 564 habentur
424 507 455 562 et
478 499 511 560 in
535 493 761 581 antiquissimis
785 489 1007 571 versionibus,
1032 473 1152 552 scilieet
1170 488 1204 551 in
1225 487 1374 550 versione

240 603 330 685 itala,
348 621 420 686 quur
436 599 551 663 saeculo
563 593 705 661 secundo
722 616 788 658 non
801 601 847 657 cst
859 592 1029 673 recentior,
1044 590 1075 652 in
1091 589 1237 653 versione
1251 589 1375 675 syriaca

243 703 400 788 Simplici,
416 698 572 787 ejusdem,
587 707 623 761 ut
637 696 776 779 videtur,
792 695 901 777 astatis,
917 695 951 758 in
966 691 1164 758 versionibus
1180 692 1322 776 coptieis.
1338 681 1378 753 ln

243 790 394 870 omnibus
406 805 493 868 hisce
506 799 705 867 versionibus
718 800 860 884 integrae,
876 804 971 883 prout
984 816 1071 859 nuno
1091 803 1226 876 exstant,
1242 814 1377 858 servan-

242 921 306 994 tur,
330 930 392 973 »nec
416 908 487 972 aliae
520 904 724 990 reperiuntur
746 900 992 986 discrepantiae,
1028 897 1087 961 nisi
1117 916 1188 983 quae
1213 896 1376 959 variarum

242 1013 416 1078 lectionum
427 1011 543 1074 limites
561 1029 624 1071 non
638 990 925 1090 transgrediuntu'r.
941 1001 1123 1066 Consonant
1133 1008 1241 1063 autem
1254 1007 1286 1063 et
1301 1020 1375 1062 cum

243 1116 306 1179 illis
327 1111 527 1178 versionibus
545 1119 576 1174 et
595 1129 669 1174 cum
686 1106 851 1172 codicibus
869 1125 981 1169 omncs
994 1104 1126 1166 Patrum
1142 1103 1317 1184 citationes,
1332 1102 1376 1165 ita

244 1225 278 1279 ut
302 1215 507 1279 manifestum
532 1212 571 1274 sit
593 1208 636 1274 ab
655 1208 837 1293 apostolicis
858 1204 1056 1291 temporibus
1073 1200 1114 1267 ad
1135 1213 1257 1267 nostros
1273 1223 1377 1289 usque

244 1316 312 1381 dies
330 1338 394 1380 non
408 1316 589 1380 aliasuotas
608 1313 704 1377 luisse
717 1311 808 1374 Pauli
821 1309 977 1394 Epistolas
989 1307 1048 1371 nisi
1061 1328 1141 1393 quas
1155 1305 1261 1370 adhuc
1274 1307 1378 1393 possi·

243 1419 369 1484 demus.
385 1420 491 1481 Tantae
505 1425 614 1479 autem
627 1413 822 1477 auctoritatis
835 1413 965 1475 luerunt
976 1410 1069 1474 Pauli
1084 1411 1201 1495 scripta
1217 1418 1252 1473 ut
1268 1419 1299 1474 ct
1317 1411 1378 1494 ipsi

245 1522 384 1585 lraerctici
403 1519 618 1584 testimonium
636 1517 697 1580 illis
715 1513 915 1579 reddiderint
930 1523 961 1577 et
985 1513 1089 1577 conati
1105 1513 1177 1595 sint,
1200 1533 1237 1576 ea
1254 1514 1378 1579 immu-

245 1627 413 1695 tandoaut
432 1622 680 1710 corrumpendo,
701 1644 773 1688 suas
792 1620 907 1687 exinde
926 1622 1061 1685 baereses
1085 1619 1286 1685 confirmare.
1305 1618 1379 1684 nd-

240 1731 380 1816 jungcrc
395 1749 558 1815 possemus
576 1728 672 1791 etiam
687 1726 864 1809 haereticos,
882 1735 918 1789 ut
929 1746 961 1789 v.
977 1745 1008 1810 g.
1026 1724 1278 1807 Valentinianos,
1296 1746 1379 1809 quos

243 1858 284 1899 ex
300 1836 421 1899 lrenaeo
439 1841 563 1897 constat
580 1829 745 1895 admisisse
759 1830 851 1895 Pauli
867 1831 1023 1915 Epistolas
1038 1828 1099 1914 (l).

291 1938 343 2000 19.
370 1938 416 2001 Ex
439 1934 589 1999 omnibus
612 1933 699 1998 bisce
724 1932 909 1996 testimoniis
936 1953 1034 2018 quam
1058 1931 1230 1995 certissime
1255 1941 1379 1995 constat

246 2038 402 2123 Epistolas
414 2037 504 2099 Pauli
521 2035 732 2116 authenticas,
751 2035 889 2117 integras
908 2042 1007 2118 atque
1024 2030 1149 2096 divinas
1165 2053 1244 2096 esse.
1265 2033 1378 2096 Merito

246 2141 342 2224 igitur
366 2138 582 2204 Rationalistis
602 2137 758 2221 Epistulas
781 2136 872 2199 Pauli
895 2134 1118 2220 probantibus,
1140 2133 1196 2199 sed
1219 2158 1257 2200 ex
1278 2137 1315 2200 iis
1339 2157 1379 2200 ea

245 2243 350 2306 solum
375 2261 446 2326 quac
471 2240 545 2325 ipsis
569 2240 679 2303 favent
711 2237 965 2322 accipientibus,
999 2237 1096 2324 objici
1124 2248 1252 2323 possunt
1278 2239 1378 2302 verba

245 2344 415 2430 Augustini
433 2352 544 2407 contra
566 2341 758 2405 Manichaeos
775 2339 824 2426 (ἓ)
848 2362 856 2403 :
878 2365 893 2400 n
918 2341 1026 2426 Usque
1050 2338 1132 2405 adeo
1155 2341 1272 2405 invicta
1291 2351 1376 2425 sunt,

247 2465 320 2531 quae
337 2442 490 2508 adversus
513 2463 568 2505 vos
592 2439 633 2506 de
653 2440 769 2506 divinis
785 2440 949 2514 codicibus
966 2443 1184 2528 proferuntur,
1202 2453 1237 2507 ut
1255 2465 1320 2508 non
1340 2446 1380 2509 sit

247 2544 335 2611 aliud
353 2543 439 2629 quod
464 2543 588 2625 dicatis,
609 2543 667 2606 nisi
692 2565 746 2607 cos
766 2565 833 2608 csse
858 2545 999 2609 salsatos.
1021 2545 1099 2626 Quae
1113 2544 1184 2631 jam
1207 2547 1378 2611 auctoritas

247 2651 425 2713 litterarum
441 2647 571 2731 aperiri,
594 2648 664 2732 quis
687 2668 777 2711 sacer
800 2647 882 2712 liber
905 2649 1022 2731 evolvi,
1040 2645 1128 2734 quod
1146 2646 1377 2714 documentum

248 2750 417 2837 cujuslibet
445 2749 615 2833 Scripturae
647 2747 689 2812 ad
718 2749 953 2814 convincendos
978 2772 1102 2814 errores
1126 2760 1246 2815 vestros
1276 2754 1377 2816 exseri

247 2861 362 2939 potest,
382 2853 406 2915 si
427 2853 494 2915 baec
512 2872 574 2915 vox
596 2849 786 2940 admittitur,
805 2853 829 2915 si
854 2851 989 2937 alicujus
1011 2851 1160 2937 ponderis
1178 2854 1378 2919 aestimatur?

247 2953 344 3020 aliud
367 2963 413 3018 cst
430 2954 515 3037 ipsos
539 2952 637 3016 libros
661 2974 725 3017 non
750 2955 897 3038 accipere
916 2950 1003 3039 quod
1026 2955 1143 3039 pagani
1165 2952 1207 3018 de
1226 2955 1376 3021 omnibus

248 3058 350 3122 Libris
366 3058 491 3138 nostris,
509 3055 596 3141 quod
613 3055 714 3120 Judaei
729 3055 769 3120 de
784 3077 866 3120 novo
880 3058 1080 3121 Testamenta
1094 3058 1227 3141 faciunt,
1242 3067 1273 3121 et
1287 3058 1377 3123 aliud
1455 3068 1458 3072 ’

247 3171 295 3224 est
309 3158 417 3224 dicere
434 3182 441 3221 :
460 3159 522 3222 Istc
537 3157 669 3243 quidem
687 3159 737 3222 vir
753 3167 880 3222 sanctus
897 3160 1005 3222 omnia
1024 3180 1101 3223 vera
1118 3161 1253 3245 scripsit,
1268 3172 1300 3226 ct
1317 3163 1377 3227 ista

249 3262 382 3346 epistola
395 3262 493 3346 ipsius
507 3270 564 3341 est,
581 3259 636 3324 scd
650 3260 682 3324 in
696 3282 733 3324 ea
748 3261 816 3345 ipsa
836 3262 896 3325 boc
913 3260 982 3347 ejus
998 3271 1056 3344 est,
1072 3263 1135 3326 hoc
1151 3284 1214 3326 non
1233 3273 1279 3327 est
1294 3263 1375 3350 ejus.

249 3364 309 3428 Ubi
325 3384 399 3427 cum
413 3385 452 3426 cx
467 3360 601 3426 adverso
618 3360 757 3426 audieris
774 3385 781 3426 :
801 3363 924 3448 proba;
952 3385 1017 3427 non
1030 3363 1196 3449 confugias
1208 3364 1250 3429 ad
1265 3388 1378 3431 exem-

248 3466 351 3551 plaria
375 3465 527 3547 veriora,
554 3465 606 3528 vel
635 3465 776 3549 plurium
810 3463 971 3546 codicum,
998 3467 1050 3530 vel
1083 3468 1378 3552 antiquorum,ch

249 3569 366 3652 lingua
384 3565 591 3651 praecedentis
610 3563 697 3630 unde
713 3567 776 3629 boc
799 3567 831 3629 in
854 3566 951 3630 aliam
970 3567 1113 3652 linguam
1134 3568 1377 3654 interpretatum

248 3680 295 3734 cst
313 3695 320 3733 :
341 3668 397 3734 scd
415 3667 512 3741 dicas,
537 3667 611 3732 inde
628 3668 730 3753 probo
748 3670 809 3734 boc
821 3671 906 3733 illius
917 3691 985 3734 esse
1000 3694 1009 3753 ;
1029 3669 1109 3734 illud
1122 3693 1187 3735 non
1203 3693 1283 3756 esse,
1302 3675 1379 3758 quia

249 3777 312 3839 boc
326 3795 385 3858 pro
403 3794 454 3836 me
475 3781 577 3855 sonat,
593 3771 672 3835 illud
687 3782 796 3835 contra
813 3794 876 3836 me.
892 3773 938 3835 Tu
951 3795 984 3835 es
1000 3794 1075 3858 crgo
1091 3776 1202 3859 regula
1218 3776 1380 3841 veritatis?

250 3874 414 3961 Quidquid
431 3885 542 3940 contra
559 3885 589 3938 tc
607 3876 706 3938 'suerit
726 3895 790 3939 non
809 3885 856 3939 est
875 3875 1012 3939 verum?
1031 3875 1115 3957 Quid
1137 3880 1161 3942 si
1181 3880 1263 3942 alius
1285 3881 1381 3947 simili
1423 3942 1431 3954 ,

249 3980 372 4044 insania
389 3979 502 4041 existat
515 3987 546 4041 ct
567 3975 652 4040 dicat
675 3998 682 4039 ε
702 3977 768 4039 imo
791 3975 872 4040 illud
891 3976 978 4062 quod
999 3999 1058 4062 pro
1086 3988 1117 4043 te
1136 3990 1238 4065 sonat,
1262 3982 1380 4049 salsum

191 4296 193 4301 ,
283 4224 320 4284 (ι)
333 4223 398 4273 nen.
413 4223 432 4283 1,
450 4223 491 4283 ιιι,
511 4225 533 4283 ι,
551 4223 607 4280 aa
619 4222 639 4283 1,
651 4221 714 4283 ιιιι,
730 4220 782 4273 aa.

283 4299 320 4367 (2)
334 4305 361 4355 S.
373 4306 520 4369 augustin,
535 4305 635 4357 Contra
647 4306 781 4356 Faustum.
799 4304 817 4356 l.
832 4303 872 4367 lll,
886 4318 910 4356 c.
922 4304 948 4356 2.
