3134 4934
305 316 382 358 PARS
400 316 435 359 11.
454 314 548 357 CAPUT
561 315 592 359 V.
610 314 649 355 DE
661 314 896 364 Qunnuonnncnu
909 314 935 356 S.
952 313 1040 357 PAULI
1054 315 1213 359 larisseus.
1267 295 1331 359 565

423 540 432 547 ’
456 514 529 578 XII.
556 516 600 577 De
622 513 763 598 Epistola
785 513 827 576 nel
844 513 1068 579 Philemonem.

163 756 179 803 “.
240 748 272 810 1.
287 746 470 828 Philemon,
485 747 563 810 ciris
578 745 782 829 Colossensis,
796 765 925 809 servum
942 746 1083 810 hahebat
1099 749 1229 812 nomine
1243 747 1330 812 One-

126 926 129 933 ,
196 850 326 931 simum,
349 850 416 934 qni,
435 870 510 912 cum
527 871 578 913 rcs
597 848 769 913 nonnullas
793 846 924 912 domino
945 870 1003 913 suo
1027 850 1112 914 lurto
1136 851 1328 927 abstulisset,

195 951 323 1036 aufugit
346 953 498 1034 Romam,
521 951 590 1033 uhi,
616 949 723 1015 divina
743 951 775 1014 di
793 961 933 1036 ponente
952 953 1067 1037 gratia,
1089 974 1109 1016 a
1131 953 1233 1017 Paulo
1251 974 1329 1017 con-

196 1076 307 1120 versus
319 1064 351 1118 et
364 1054 542 1141 baptizatus
558 1054 618 1117 snit
634 1053 695 1139 (l).
714 972 887 1138 Ap'dstolus
903 1063 979 1118 tnnc
996 1057 1107 1120 Roma
1125 1057 1156 1119 in
1170 1055 1330 1140 prioribus

196 1159 262 1222 suis
282 1158 417 1223 vinculis
440 1166 509 1221 erat
524 1156 573 1243 (2)
588 1156 803 1242 sperahatque
818 1177 852 1220 se
866 1156 956 1221 brevi
972 1157 1175 1222 liberandum
1188 1158 1249 1243 (5);
1267 1181 1330 1223 no·-

195 1262 264 1326 lens
276 1282 374 1347 porro
390 1261 562 1346 Apostolus
574 1249 773 1344 Onesimum,
791 1260 890 1325 invito
907 1261 1107 1344 Philemone,
1122 1265 1235 1327 Roma
1251 1261 1329 1324 deti-

196 1385 273 1428 nere
287 1362 433 1448 (lh-ll),
450 1363 555 1448 ipsum
568 1361 609 1427 ad
625 1365 741 1427 harum
757 1383 850 1427 suurn
866 1364 1000 1445 remisit,
1015 1365 1121 1448 eique,
1139 1373 1205 1427 uta
1221 1365 1330 1432 Phile--

196 1487 293 1531 mone
309 1466 437 1530 veniam
450 1466 620 1548 obtineret,
636 1466 719 1530 hanc
735 1463 776 1529 ad
795 1466 1017 1531 Philemonem
1035 1464 1125 1530 dedit
1140 1467 1326 1551 Epistolam.

196 1567 319 1632 Exinde
337 1567 406 1654 ojus
423 1577 650 1653 argumentum
667 1578 698 1632 et
714 1588 828 1653 scopus
845 1558 1077 1652 intelliguntur.
1096 1568 1227 1634 Veteres
1242 1591 1329 1632 non-

170 1756 173 1759 ,
196 1672 277 1735 nulli
293 1669 334 1734 de
349 1672 505 1736 canonica
528 1672 719 1736 auctoritate
738 1670 837 1758 hujus
857 1670 1004 1756 Epistola
1025 1669 1125 1735 dubia
1146 1680 1327 1753 moverunt,

197 1773 283 1836 male
302 1781 523 1857 pretextentes
547 1772 617 1858 ejus
637 1773 845 1856 brevitatem,
870 1774 1123 1857 simplicitatem,
1148 1774 1329 1857 argumenti

198 1876 413 1940 humilitatem
436 1885 469 1940 et
483 1875 553 1961 styli
576 1874 805 1959 diversitatem,
825 1896 897 1961 quse
919 1872 1122 1939 difficultates
1146 1874 1188 1938 ab
1210 1875 1329 1939 Hiero·
1425 1941 1427 1946 ,

198 2001 307 2066 nymo,
320 1980 549 2066 vChrysostomo
564 1981 699 2067 aliisque
711 1980 850 2065 antiquis
865 1978 1013 2043 Patribus
1029 1981 1139 2044 solutae
1151 1988 1234 2043 sunt.
1251 1979 1328 2063 Epi-

198 2085 278 2149 stola
295 2083 403 2148 isthac
422 2083 627 2147 tenerrimam
649 2084 827 2147 christiane
847 2082 993 2147 amicitia
1011 2082 1200 2152 charitatem*
1216 2081 1325 2166 spirat.

457 2304 545 2368 nm.
563 2306 609 2368 ne
625 2303 766 2388 apaan
781 2304 821 2367 aa
838 2303 980 2368 aaaron
1001 2303 1062 2389 (4).
1109 2312 1154 2381 n,
1170 2280 1328 2375 nan

239 2522 271 2585 1.
290 2523 337 2585 Dc
354 2522 496 2586 Paulinis
523 2523 682 2607 Epistolis,
701 2544 781 2609 quas
800 2523 967 2609 hucusque
988 2522 1217 2605 recensuimus,
1240 2543 1328 2584 nun-

196 2643 295 2707 qurm
308 2626 392 2690 serio
407 2623 588 2689 dubitatum
605 2627 666 2690 fun
679 2626 757 2712 quin
774 2623 890 2689 divina
906 2634 1010 2688 essent
1025 2623 1221 2689 auctoritatis
1237 2622 1327 2686 Pau-

195 2725 328 2812 lumque
341 2728 499 2807 haherent
514 2738 679 2793 auctorem
695 2750 734 2793 ao
754 2749 857 2813 graeca
875 2727 985 2811 lingua
1005 2727 1191 2811 conscriptae
1209 2734 1324 2790 essent.

195 2829 266 2893 Una
279 2829 322 2894 ad
334 2831 487 2895 Hebraeos
496 2832 636 2916 Epistola
645 2830 685 2895 de
695 2833 783 2895 hisce
795 2830 897 2894 trihus
909 2831 943 2893 in
952 2831 1202 2894 controversiam
1214 2829 1326 2892 vocata

195 2941 253 2996 est.
279 2932 321 2996 tn
341 2935 410 2998 hac
433 2934 538 2997 omnia
561 2933 620 2998 rite
642 2933 865 3016 discutiantur,
891 2934 1033 3017 exposito
1057 2931 1204 3016 Epistola
1227 2949 1334 3015 argu*

194 3043 316 3117 mento,
341 3033 487 3099 dicemus
510 3037 686 3123 successive
710 3035 752 3100 dc
777 3034 845 3120 ejus
869 3035 1056 3122 auctoritate
1080 3033 1257 3115 canoniea,
1282 3030 1324 3095 de

194 3146 337 3220 auctore,
355 3136 396 3225 de
421 3140 529 3223 lingua
554 3148 583 3203 et
604 3138 744 3226 deniqne
767 3136 809 3201 de
829 3137 900 3201 loeo
918 3147 949 3200 et
966 3146 1110 3222 tempore
1130 3144 1162 3198 et
1183 3132 1225 3197 ad
1243 3155 1324 3220 quos

194 3241 373 3325 conscripta
391 3239 498 3305 fucrit.

236 3344 268 3406 t.
279 3344 514 3429 deperirentnm.
527 3346 667 3431 Epistola
680 3344 721 3407 nd
731 3344 873 3409 Helenes
885 3343 1002 3428 partim
1013 3343 1192 3429 dopmote'oo,
1206 3343 1322 3426 partim

192 3445 395 3510 exhortatorio
412 3457 459 3511 est
469 3472 478 3530 ;
501 3469 565 3533 qua
586 3445 768 3531 dogmatica
785 3445 880 3511 docet
898 3446 1011 3511 Christi
1032 3444 1231 3530 dignitatem,
1249 3444 1323 3508 offi-

193 3547 278 3611 cinm
302 3557 333 3611 et
353 3546 567 3634 sacerdotium
591 3546 768 3613 sacerdotio
794 3549 921 3613 levitico
941 3549 1079 3612 multum
1103 3548 1366 3685 excellentiusppp

192 3671 256 3735 qua
279 3652 490 3717 consolatoria
516 3653 662 3716 hortatur
682 3651 834 3716 Hebraeos
857 3650 899 3716 ad
916 3653 1187 3736 perseverantiam
1204 3653 1238 3715 in
1258 3647 1321 3713 fide

191 3752 304 3818 Christi
322 3764 352 3818 ct
365 3756 568 3819 tolerantiam
586 3756 856 3840 persecutionum.
922 3741 924 3745 ’

234 3853 266 3918 5.
289 3855 328 3919 Et
345 3857 450 3941 primo
468 3856 599 3942 quidem
624 3855 718 3921 docet
735 3856 906 3940 Christum,
922 3857 961 3921 N.
982 3858 1017 3920 Τ.
1032 3864 1209 3938 auctorem,
1230 3811 1373 3944 mul-lh
1448 3935 1451 3943 ⁴

221 4099 258 4167 (n
270 4101 379 4152 nostem.
394 4102 434 4152 ro.

204 4206 209 4250 3
221 4182 376 4249 (animm.
391 4185 416 4247 r,
432 4185 473 4248 ro,
490 4187 531 4236 rs.
916 4229 921 4245 s
1051 4182 1177 4251 stt-ts
1193 4168 1455 4267 cessantes,

221 4265 257 4327 ts)
272 4264 379 4317 Philam.
397 4264 439 4319 22.
841 4336 849 4348 Ι
1046 4277 1158 4368 fis
1195 4298 1271 4357 ev„
1323 4288 1386 4355 “pn
1405 4298 1421 4325 ·,

221 4346 258 4412 (t)
269 4346 321 4400 (ttr.
337 4348 432 4413 Estius,
449 4352 589 4421 moment.
600 4350 628 4400 tn
641 4350 725 4417 Epist.
737 4351 773 4401 od
787 4348 865 4401 Hebe.
877 4348 1022 4415 Protepom.
1125 4296 1203 4388 X*
1244 4299 1353 4423 liuh
1371 4336 1431 4397 *dt*
1444 4366 1465 4436 'r
