3134 4934
250 339 313 405 558
479 361 679 403 rurnonccrro
697 360 845 403 sosarnus
859 361 890 403 rr
908 360 934 402 s.
955 360 1154 405 scnrrruunrr.

207 457 209 461 ’
252 459 423 544 Apostolus
438 479 528 544 spem
544 459 876 524 Thessalonicensibus
899 461 1024 525 fecisset
1047 482 1080 524 sc
1103 481 1157 524 eos
1180 460 1378 543 reuisurum,

254 572 285 625 ot
299 560 421 626 videret
440 583 474 624 sc
488 562 584 626 variis
602 563 736 648 negotiis
756 562 926 626 autetiam
951 563 1100 647 periculis
1123 562 1313 648 impeditum
1337 564 1380 640 ab

253 662 419 748 implendo
442 685 499 728 suo
520 662 692 748 desiderio,
719 663 894 729 secundam
918 663 959 728 ad
981 686 1035 728 eos
1056 664 1229 750 Epistolam
1253 664 1381 730 direxit.

253 767 302 829 Im
327 767 415 831 ulsus
437 766 645 860 ctigmhrerit
657 766 831 859 Apostolus
839 765 881 829 ad
895 765 1385 854 seribendum‚‚,qm‘acomm0ti

256 870 384 943 lucrant
398 851 772 957 Thessalonide'nseswnon
785 860 869 932 bene
881 869 1096 986 EQ
1105 889 1176 953 quae
1188 867 1230 932 de
1243 869 1387 935 seeundo

256 973 371 1036 Christi
387 971 526 1036 adventu
539 982 571 1036 et
586 940 787 1036 mortuoffim
800 939 1045 1035 {surrectione
1065 969 1108 1034 ad
1130 992 1185 1035 eos
1202 972 1385 1056 scripserat,

258 1083 289 1138 et
313 1075 409 1138 etiam
434 1074 509 1160 quia
532 1096 597 1138 non
617 1074 748 1137 omnino
774 1094 807 1137 se
829 1082 1034 1137 correxerant
1068 1072 1158 1136 otiosi
1181 1073 1227 1136 illi
1252 1094 1333 1157 quos
1353 1074 1388 1137 in

259 1176 358 1263 priori
373 1177 513 1260 Epistola
527 1185 696 1240 monuerat
709 1155 1156 1279 Apostoluffibubscriptiones
1169 1173 1315 1239 codicum
1331 1176 1388 1239 AB

261 1299 335 1341 cum
358 1276 560 1342 Theodoreto
584 1288 615 1341 et
644 1277 792 1341 Euthalio
827 1275 959 1340 tradunt
983 1277 1157 1361 Epistolam
1193 1299 1232 1341 cx
1253 1278 1389 1341 Athenis

254 1383 411 1466 'scriptam
429 1382 541 1466 luisse3
560 1381 751 1445 Athanasius
767 1381 800 1443 in
819 1380 951 1466 Synopsi
964 1391 995 1445 et
1012 1381 1228 1445 OEeumenius
1247 1383 1388 1445 Romam

224 1526 227 1531 «
260 1485 439 1569 assignant3
459 1482 585 1549 codices
598 1505 675 1547 vero
693 1484 805 1569 syriaci
823 1483 1014 1547 Laodiceam
1033 1483 1066 1547 in
1083 1482 1199 1547 Pisidia
1209 1509 1218 1567 3
1235 1482 1291 1547 sed
1307 1507 1389 1569 pro-

260 1587 400 1650 babilius
414 1597 548 1671 apparet
565 1588 715 1672 scriptam
733 1587 884 1651 Corintho
900 1587 996 1650 fuisse
1013 1588 1110 1671 paulo
1126 1596 1196 1671 post
1212 1588 1389 1672 Epistulam

261 1691 414 1777 priorem,
430 1689 508 1753 dum
525 1690 557 1753 in
571 1690 631 1754 hac
643 1689 725 1753 urbe
741 1690 913 1774 Apostolus
929 1688 1127 1774 praedicaret.
1145 1690 1275 1774 Scripsit
1291 1712 1391 1774 porro

260 1794 431 1877 Apostolus
448 1793 578 1856 nomine
594 1814 651 1856 suo
669 1801 700 1856 et
720 1792 877 1856 Timothei
900 1800 997 1877 atque
1018 1778 1150 1875 Siluani,
1175 1800 1211 1854 ut
1233 1792 1267 1854 in
1289 1792 1390 1876 priori

172 1932 176 1961 ι
261 1888 400 1981 Epistola
416 1893 487 1979 jam
503 1895 635 1959 fecerat.
1003 1944 1008 1959 ,
1372 1900 1378 1906 ’

49 1954 198 2103 affl,
305 1997 336 2060 5.
356 1997 589 2083 Argumentum.
608 1998 779 2083 Apostolus
799 2000 916 2084 gratias
936 2001 1001 2083 agit
1012 1999 1080 2062 Deo
1095 2019 1154 2083 pro
1170 1997 1231 2062 lide
1247 2019 1286 2063 ac
1295 1999 1390 2061 tole-

232 2044 365 2177 lbantia
381 2101 709 2165 Thessalonicensium
726 2102 758 2165 in
770 2089 1205 2186 persecutionibus,2pi0prer
1220 2123 1302 2186 quas
1312 2100 1392 2165 dicit

261 2203 333 2266 illos
345 2204 492 2288 gloriam,
507 2203 707 2269 adversarios
720 2206 886 2289 ultionem,
903 2206 934 2268 in
947 2204 998 2269 die
1007 2204 1120 2290 judicii
1135 2214 1319 2289 recepturos
1332 2205 1389 2291 (Ι)

44 2261 206 2394 (siff)
236 2288 424 2391 ffirdicium
440 2316 547 2394 autern
561 2318 591 2371 et
609 2310 800 2372 resurrectio
816 2318 1016 2372 mortuorum
1035 2329 1097 2371 uon
1119 2318 1190 2370 tam·
1205 2308 1266 2371 cito
1285 2306 1392 2372 adve-

262 2410 351 2473 nient
367 2432 465 2495 quam
479 2411 625 2475 nonnulli
642 2412 707 2476 sive
723 2433 761 2475 ex
777 2412 864 2475 falsis
877 2388 1060 2474 rumoribus
1074 2410 1139 2491 sive
1152 2431 1192 2473 cx
1203 2411 1289 2474 male
1301 2412 1394 2474 intel-

91 2516 159 2601 μί,
178 2497 241 2576 llll·
266 2512 348 2575 lecta
360 2513 452 2576 Pauli
464 2508 612 2598 Epistola*
619 2523 742 2598 putant,
765 2535 829 2577 non
843 2514 931 2598 prius
946 2511 1075 2576 instabit
1087 2510 1154 2575 die's
1164 2511 1278 2597 judicii
1292 2534 1392 2598 quam

243 2616 385 2723 Uenerit
395 2614 608 2701 Antichristus
620 2602 859 2702 (llssHortatur
872 2616 988 2680 deinde
1003 2616 1173 2701 Apostolus
1185 2615 1392 2680 Thessaloni·
1496 2619 1499 2623 ’

263 2732 377 2780 censes
395 2725 431 2779 ut
449 2716 542 2802 juxta
564 2717 712 2783 traditam
735 2717 914 2783 doctrinam
949 2719 982 2782 in
1006 2718 1159 2782 charitate
1183 2727 1214 2780 ct
1237 2717 1391 2801 patientia

262 2820 382 2903 vivant,
402 2822 565 2906 vitentque
588 2822 781 2886 consortium
800 2822 928 2885 illorum
952 2822 1125 2886 otiosorum
1149 2822 1204 2905 qui
1221 2821 1312 2884 Pauli
1330 2841 1392 2884 co-

261 2925 494 2990 hortationibus
512 2924 644 2990 obcdirc
659 2935 808 2990 recusant
819 2924 905 3011 (Ill).

292 3204 295 3209 θ
376 3064 379 3071 ›
442 3112 498 3176 XI.
519 3113 565 3175 Dc
588 3113 682 3177 trihus
704 3111 802 3175 Penii
823 3110 972 3195 Epr'stolis
992 3111 1205 3196 pectoralibus.

306 3299 338 3361 l.
366 3297 443 3360 Duae
467 3295 508 3359 ad
532 3297 742 3360 Timotheum
766 3297 913 3381 Epistolae
938 3317 1013 3359 cum
1035 3294 1164 3382 illaad
1194 3295 1299 3357 Titum
1331 3293 1395 3358 sub

264 3403 426 3464 communi
449 3402 607 3477 vocabulo
621 3406 807 3464 litterarum
821 3399 1024 3485 pastoralium
1036 3399 1196 3463 interdum
1216 3397 1393 3483 designan-

130 3584 133 3588 ,
264 3511 327 3584 tur,
345 3505 420 3587 quia
435 3502 476 3565 de
491 3503 595 3568 officio
611 3515 775 3588 pastorum
792 3505 824 3567 in
841 3503 981 3566 Ecclesia
997 3504 1055 3566 Dei
1073 3503 1232 3587 praecipue
1248 3512 1359 3586 agunt.

70 3612 185 3753 M&
193 3667 204 3697 Ι
307 3605 338 3668 2.
365 3605 548 3669 Timotheus.
572 3607 766 3688 Timotheus,
786 3614 876 3690 patre
893 3605 1016 3689 gentili,
1033 3602 1269 3690 nratrcdudaea,
1285 3611 1392 3684 natus,

265 3707 380 3790 Lystrae
398 3706 603 3770 christianam
624 3706 750 3772 colebat
769 3706 970 3789 religionem,
989 3725 1063 3768 cum
1077 3706 1108 3768 in
1124 3726 1161 3768 aa
1176 3705 1246 3786 loca
1264 3702 1396 3767 advenit

263 3809 382 3871 Paulus
398 3810 431 3870 in
448 3808 589 3873 secundo
609 3831 665 3874 suo
684 3812 795 3873 itinere
819 3810 1005 3894 apostolico,
1028 3809 1083 3894 qui
1107 3808 1193 3870 lama
1215 3815 1395 3871 commotus

265 3929 336 3994 quae
360 3908 400 3973 de
421 3911 577 3974 Timothei
598 3913 762 3976 sanctitate
780 3910 867 4001 apud
888 3910 999 3974 fideles
1017 3909 1117 3974 leonii
1134 3919 1165 3972 et
1182 3910 1297 3993 Lystrae
1315 3929 1396 3993 per-

266 4011 446 4095 crebuerat,
467 4014 571 4097 ipsum
595 4012 742 4077 adhibuit
765 4014 886 4078 socium
907 4033 1038 4077 suorum
1057 4013 1206 4076 itinerum
1223 4020 1255 4074 et
1273 4010 1397 4095 pradi-

148 4193 151 4199 .
244 4146 250 4151 ·
266 4116 419 4203 cationis3
435 4114 789 4200 sed'proptcrdudaeos,
805 4117 860 4201 qui
873 4137 906 4178 sc
921 4115 964 4179 ad
977 4116 1136 4180 Christum
1157 4123 1395 4197 converterant,

266 4219 399 4281 scientes
415 4219 570 4291 Timothei
596 4226 720 4303 patrem
743 4241 811 4283 esse
835 4220 998 4304 gentilem,
1017 4239 1091 4282 eum
1111 4181 1311 4283 circumcidit
1332 4217 1344 4304 (
1369 4216 1394 4303 )

301 4401 336 4466 (r)
348 4401 404 4452 nce.
417 4400 480 4460 rvr,
492 4401 516 4460 r,
532 4401 572 4461 n;
588 4400 651 4451 ram.
667 4398 687 4462 r,
704 4400 727 4451 a.
