<?xml version="1.0" encoding="UTF-8"?>
<!DOCTYPE html PUBLIC "-//W3C//DTD XHTML 1.0 Transitional//EN"
    "http://www.w3.org/TR/xhtml1/DTD/xhtml1-transitional.dtd">
<html xmlns="http://www.w3.org/1999/xhtml" xml:lang="en" lang="en">
 <head>
  <title>
</title>
<meta http-equiv="Content-Type" content="text/html;charset=utf-8" />
  <meta name='ocr-system' content='tesseract 3.04.00' />
  <meta name='ocr-capabilities' content='ocr_page ocr_carea ocr_par ocr_line ocrx_word'/>
</head>
<body>
  <div class='ocr_page' id='page_1' title='image "./introductioinsa00lamygoog/introductioinsa00lamygoog_0178.png"; bbox 0 0 3132 4964; ppageno 0'>
   <div class='ocr_carea' id='block_1_1' title="bbox 395 287 1345 375">
    <p class='ocr_par' dir='ltr' id='par_1_1' title="bbox 395 287 1345 375">
     <span class='ocr_line' id='line_1_1' title="bbox 395 287 1345 375; baseline 0.012 -25"><span class='ocrx_word' id='word_1_1' title='bbox 395 308 473 353; x_wconf 73' lang='lat' dir='ltr'><strong>rrae</strong></span> <span class='ocrx_word' id='word_1_2' title='bbox 486 310 509 352; x_wconf 76' lang='lat'><strong>1.</strong></span> <span class='ocrx_word' id='word_1_3' title='bbox 528 309 622 357; x_wconf 77' lang='lat' dir='ltr'><strong>carue</strong></span> <span class='ocrx_word' id='word_1_4' title='bbox 633 311 710 355; x_wconf 75' lang='lat' dir='ltr'><strong>uu.</strong></span> <span class='ocrx_word' id='word_1_5' title='bbox 728 312 765 355; x_wconf 83' lang='lat' dir='ltr'><strong>na</strong></span> <span class='ocrx_word' id='word_1_6' title='bbox 778 312 952 357; x_wconf 76' lang='lat' dir='ltr'><strong>rrormrrrs</strong></span> <span class='ocrx_word' id='word_1_7' title='bbox 964 311 1117 357; x_wconf 72' lang='lat' dir='ltr'><strong>menna.</strong></span> <span class='ocrx_word' id='word_1_8' title='bbox 1260 287 1345 375; x_wconf 65' lang='lat' dir='ltr'><strong>thie</strong></span> 
     </span>
    </p>
   </div>
   <div class='ocr_carea' id='block_1_2' title="bbox 596 551 911 632">
    <p class='ocr_par' dir='ltr' id='par_1_2' title="bbox 596 551 911 632">
     <span class='ocr_line' id='line_1_2' title="bbox 596 551 911 632; baseline -0.01 0"><span class='ocrx_word' id='word_1_9' title='bbox 596 551 762 632; x_wconf 66' lang='lat' dir='ltr'><strong>aauttt</strong></span> <span class='ocrx_word' id='word_1_10' title='bbox 786 553 911 631; x_wconf 80' lang='lat' dir='ltr'><strong>llllll.</strong></span> 
     </span>
    </p>
   </div>
   <div class='ocr_carea' id='block_1_3' title="bbox 504 782 1007 871">
    <p class='ocr_par' dir='ltr' id='par_1_3' title="bbox 504 782 1007 871">
     <span class='ocr_line' id='line_1_3' title="bbox 504 782 1007 871; baseline 0.002 -25"><span class='ocrx_word' id='word_1_11' title='bbox 504 803 542 846; x_wconf 83' lang='lat' dir='ltr'><strong>nn</strong></span> <span class='ocrx_word' id='word_1_12' title='bbox 565 803 760 847; x_wconf 81' lang='lat' dir='ltr'><strong>raoronnrus</strong></span> <span class='ocrx_word' id='word_1_13' title='bbox 783 805 925 847; x_wconf 80' lang='lat' dir='ltr'><strong>renerum</strong></span> <span class='ocrx_word' id='word_1_14' title='bbox 948 782 1007 871; x_wconf 90' lang='lat' dir='ltr'><strong>(l)</strong></span> 
     </span>
    </p>
   </div>
   <div class='ocr_carea' id='block_1_4' title="bbox 240 995 1317 1106">
    <p class='ocr_par' dir='ltr' id='par_1_4' title="bbox 240 995 1317 1106">
     <span class='ocr_line' id='line_1_4' title="bbox 240 995 1317 1106; baseline 0.01 -42"><span class='ocrx_word' id='word_1_15' title='bbox 240 1000 272 1064; x_wconf 87' lang='lat' dir='ltr'><strong>l.</strong></span> <span class='ocrx_word' id='word_1_16' title='bbox 295 997 441 1065; x_wconf 88' lang='lat' dir='ltr'><strong>Jeremiae</strong></span> <span class='ocrx_word' id='word_1_17' title='bbox 460 1017 585 1061; x_wconf 75' lang='lat' dir='ltr'><strong>coaevus</strong></span> <span class='ocrx_word' id='word_1_18' title='bbox 600 999 732 1102; x_wconf 83' lang='lat' dir='ltr'><strong>ipsoque</strong></span> <span class='ocrx_word' id='word_1_19' title='bbox 747 1019 863 1082; x_wconf 85' lang='lat' dir='ltr'><strong>parum</strong></span> <span class='ocrx_word' id='word_1_20' title='bbox 880 997 991 1084; x_wconf 88' lang='lat' dir='ltr'><strong>junior</strong></span> <span class='ocrx_word' id='word_1_21' title='bbox 1014 1001 1159 1067; x_wconf 78' lang='lat' dir='ltr'>Ezechiel</span> <span class='ocrx_word' id='word_1_22' title='bbox 1176 995 1317 1106; x_wconf 64' lang='lat' dir='ltr'><strong>(bspmt),</strong></span> 
     </span>
    </p>
   </div>
   <div class='ocr_carea' id='block_1_5' title="bbox 119 1106 1562 4071">
    <p class='ocr_par' dir='ltr' id='par_1_5' title="bbox 182 1106 1562 2643">
     <span class='ocr_line' id='line_1_5' title="bbox 193 1106 1449 1237; baseline 0.006 -54"><span class='ocrx_word' id='word_1_23' title='bbox 193 1120 274 1184; x_wconf 84' lang='lat' dir='ltr'><strong>Buri</strong></span> <span class='ocrx_word' id='word_1_24' title='bbox 286 1117 457 1185; x_wconf 84' lang='lat' dir='ltr'><strong>sacerdotis</strong></span> <span class='ocrx_word' id='word_1_25' title='bbox 468 1117 562 1201; x_wconf 79' lang='lat' dir='ltr'><strong>filius,</strong></span> <span class='ocrx_word' id='word_1_26' title='bbox 574 1119 718 1203; x_wconf 86' lang='lat' dir='ltr'><strong>captivus</strong></span> <span class='ocrx_word' id='word_1_27' title='bbox 729 1120 762 1182; x_wconf 93' lang='lat' dir='ltr'><strong>in</strong></span> <span class='ocrx_word' id='word_1_28' title='bbox 773 1118 982 1205; x_wconf 80' lang='lat' dir='ltr'><strong>Babyloniam</strong></span> <span class='ocrx_word' id='word_1_29' title='bbox 995 1141 1069 1185; x_wconf 86' lang='lat' dir='ltr'><strong>eum</strong></span> <span class='ocrx_word' id='word_1_30' title='bbox 1081 1106 1320 1207; x_wconf 78' lang='lat' dir='ltr'><strong>regelechoiiia</strong></span> <span class='ocrx_word' id='word_1_31' title='bbox 1335 1113 1449 1237; x_wconf 47' lang='lat' dir='ltr'><strong>&amp;m</strong></span> 
     </span>
     <span class='ocr_line' id='line_1_6' title="bbox 192 1218 1320 1306; baseline 0.005 -20"><span class='ocrx_word' id='word_1_32' title='bbox 192 1233 228 1286; x_wconf 88' lang='lat' dir='ltr'><strong>et</strong></span> <span class='ocrx_word' id='word_1_33' title='bbox 243 1219 357 1287; x_wconf 88' lang='lat' dir='ltr'><strong>decem</strong></span> <span class='ocrx_word' id='word_1_34' title='bbox 372 1218 557 1291; x_wconf 76' lang='lat' dir='ltr'><strong>turicorum</strong></span> <span class='ocrx_word' id='word_1_35' title='bbox 572 1219 713 1284; x_wconf 88' lang='lat' dir='ltr'><strong>millibus</strong></span> <span class='ocrx_word' id='word_1_36' title='bbox 728 1219 885 1286; x_wconf 87' lang='lat' dir='ltr'><strong>abductus</strong></span> <span class='ocrx_word' id='word_1_37' title='bbox 898 1221 969 1306; x_wconf 86' lang='lat' dir='ltr'><strong>fuit,</strong></span> <span class='ocrx_word' id='word_1_38' title='bbox 984 1244 1069 1289; x_wconf 88' lang='lat' dir='ltr'><strong>anno</strong></span> <span class='ocrx_word' id='word_1_39' title='bbox 1085 1233 1159 1289; x_wconf 85' lang='lat' dir='ltr'><strong>ante</strong></span> <span class='ocrx_word' id='word_1_40' title='bbox 1175 1229 1320 1292; x_wconf 86' lang='lat' dir='ltr'><strong>eversio-</strong></span> 
     </span>
     <span class='ocr_line' id='line_1_7' title="bbox 190 1303 1562 1413; baseline -0.001 -24"><span class='ocrx_word' id='word_1_41' title='bbox 190 1346 271 1389; x_wconf 90' lang='lat' dir='ltr'><strong>nem</strong></span> <span class='ocrx_word' id='word_1_42' title='bbox 293 1324 382 1413; x_wconf 88' lang='lat' dir='ltr'><strong>urbis</strong></span> <span class='ocrx_word' id='word_1_43' title='bbox 404 1322 586 1406; x_wconf 85' lang='lat' dir='ltr'><strong>undecimo.</strong></span> <span class='ocrx_word' id='word_1_44' title='bbox 613 1323 814 1389; x_wconf 90' lang='lat' dir='ltr'><strong>Matrimonio</strong></span> <span class='ocrx_word' id='word_1_45' title='bbox 833 1323 965 1409; x_wconf 88' lang='lat' dir='ltr'><strong>junctus</strong></span> <span class='ocrx_word' id='word_1_46' title='bbox 987 1323 1186 1393; x_wconf 81' lang='lat' dir='ltr'><strong>domicilium</strong></span> <span class='ocrx_word' id='word_1_47' title='bbox 1206 1329 1320 1395; x_wconf 87' lang='lat' dir='ltr'><strong>habuit</strong></span> <span class='ocrx_word' id='word_1_48' title='bbox 1349 1314 1383 1378; x_wconf 55' lang='grc' dir='ltr'><strong>θ’</strong></span> <span class='ocrx_word' id='word_1_49' title='bbox 1391 1307 1455 1413; x_wconf 54' lang='lat' dir='ltr'><strong>itt</strong></span> <span class='ocrx_word' id='word_1_50' title='bbox 1469 1303 1562 1387; x_wconf 65' lang='lat' dir='ltr'><strong>‘&#39;ii.</strong></span> 
     </span>
     <span class='ocr_line' id='line_1_8' title="bbox 182 1422 1417 1517; baseline 0.001 -27"><span class='ocrx_word' id='word_1_51' title='bbox 182 1426 284 1513; x_wconf 84' lang='lat' dir='ltr'><strong>juxta</strong></span> <span class='ocrx_word' id='word_1_52' title='bbox 295 1425 415 1494; x_wconf 88' lang='lat' dir='ltr'><strong>flumen</strong></span> <span class='ocrx_word' id='word_1_53' title='bbox 430 1424 569 1507; x_wconf 83' lang='lat' dir='ltr'><strong>Chohar,</strong></span> <span class='ocrx_word' id='word_1_54' title='bbox 584 1422 683 1510; x_wconf 92' lang='lat' dir='ltr'><strong>quod,</strong></span> <span class='ocrx_word' id='word_1_55' title='bbox 693 1425 822 1510; x_wconf 81' lang='lat' dir='ltr'><strong>irrigata</strong></span> <span class='ocrx_word' id='word_1_56' title='bbox 838 1428 1077 1512; x_wconf 77' lang='lat' dir='ltr'><strong>Mesopotamia,</strong></span> <span class='ocrx_word' id='word_1_57' title='bbox 1090 1429 1122 1493; x_wconf 94' lang='lat' dir='ltr'><strong>in</strong></span> <span class='ocrx_word' id='word_1_58' title='bbox 1135 1431 1318 1517; x_wconf 82' lang='lat' dir='ltr'><strong>Euphraten</strong></span> <span class='ocrx_word' id='word_1_59' title='bbox 1408 1442 1417 1491; x_wconf 42' lang='grc' dir='ltr'><strong>ξι</strong></span> 
     </span>
     <span class='ocr_line' id='line_1_9' title="bbox 191 1512 1468 1645; baseline 0.005 -53"><span class='ocrx_word' id='word_1_60' title='bbox 191 1528 348 1592; x_wconf 68' lang='lat' dir='ltr'><strong>artatur</strong></span> <span class='ocrx_word' id='word_1_61' title='bbox 370 1528 411 1614; x_wconf 85' lang='lat'><strong>(1,</strong></span> <span class='ocrx_word' id='word_1_62' title='bbox 436 1527 475 1611; x_wconf 74' lang='lat'><strong>53</strong></span> <span class='ocrx_word' id='word_1_63' title='bbox 502 1527 588 1610; x_wconf 82' lang='lat' dir='ltr'><strong>uu,</strong></span> <span class='ocrx_word' id='word_1_64' title='bbox 614 1528 658 1611; x_wconf 72' lang='lat'><strong>13</strong></span> <span class='ocrx_word' id='word_1_65' title='bbox 682 1528 798 1612; x_wconf 75' lang='lat' dir='ltr'><strong>xxiv,</strong></span> <span class='ocrx_word' id='word_1_66' title='bbox 834 1528 901 1614; x_wconf 84' lang='lat' dir='ltr'><strong>ra).</strong></span> <span class='ocrx_word' id='word_1_67' title='bbox 978 1552 1019 1595; x_wconf 74' lang='lat' dir='ltr'><strong>no</strong></span> <span class='ocrx_word' id='word_1_68' title='bbox 1043 1552 1108 1595; x_wconf 73' lang='lat' dir='ltr'><strong>sua</strong></span> <span class='ocrx_word' id='word_1_69' title='bbox 1131 1534 1319 1617; x_wconf 77' lang='lat' dir='ltr'><strong>captivitatis</strong></span> <span class='ocrx_word' id='word_1_70' title='bbox 1351 1512 1468 1645; x_wconf 54' lang='lat' dir='ltr'><strong>si]</strong></span> 
     </span>
     <span class='ocr_line' id='line_1_10' title="bbox 193 1630 1473 1723; baseline 0.005 -29"><span class='ocrx_word' id='word_1_71' title='bbox 193 1632 320 1718; x_wconf 88' lang='lat' dir='ltr'><strong>quinto,</strong></span> <span class='ocrx_word' id='word_1_72' title='bbox 336 1639 430 1695; x_wconf 67' lang='lat' dir='ltr'><strong>‚sexto</strong></span> <span class='ocrx_word' id='word_1_73' title='bbox 453 1638 526 1693; x_wconf 85' lang='lat' dir='ltr'><strong>ante</strong></span> <span class='ocrx_word' id='word_1_74' title='bbox 550 1650 694 1694; x_wconf 77' lang='lat' dir='ltr'><strong>eversam</strong></span> <span class='ocrx_word' id='word_1_75' title='bbox 716 1630 842 1714; x_wconf 90' lang='lat' dir='ltr'><strong>urbem,</strong></span> <span class='ocrx_word' id='word_1_76' title='bbox 867 1631 945 1697; x_wconf 86' lang='lat' dir='ltr'><strong>Ezec</strong></span> <span class='ocrx_word' id='word_1_77' title='bbox 970 1633 1022 1716; x_wconf 91' lang='lat' dir='ltr'><strong>iel,</strong></span> <span class='ocrx_word' id='word_1_78' title='bbox 1049 1655 1149 1721; x_wconf 90' lang='lat' dir='ltr'><strong>quum</strong></span> <span class='ocrx_word' id='word_1_79' title='bbox 1170 1634 1214 1699; x_wconf 88' lang='lat' dir='ltr'><strong>ad</strong></span> <span class='ocrx_word' id='word_1_80' title='bbox 1235 1637 1319 1723; x_wconf 86' lang='lat' dir='ltr'><strong>ripas</strong></span> <span class='ocrx_word' id='word_1_81' title='bbox 1347 1646 1473 1721; x_wconf 47' lang='grc' dir='ltr'><strong>θ’·</strong></span> 
     </span>
     <span class='ocr_line' id='line_1_11' title="bbox 197 1732 1319 1824; baseline 0.003 -25"><span class='ocrx_word' id='word_1_82' title='bbox 197 1736 288 1800; x_wconf 82' lang='lat' dir='ltr'><strong>fluvii</strong></span> <span class='ocrx_word' id='word_1_83' title='bbox 303 1733 429 1814; x_wconf 83' lang='lat' dir='ltr'><strong>Chobar</strong></span> <span class='ocrx_word' id='word_1_84' title='bbox 440 1732 582 1818; x_wconf 80' lang='lat' dir='ltr'>degeret,</span> <span class='ocrx_word' id='word_1_85' title='bbox 601 1733 722 1797; x_wconf 88' lang='lat' dir='ltr'><strong>coelitus</strong></span> <span class='ocrx_word' id='word_1_86' title='bbox 740 1746 869 1799; x_wconf 84' lang='lat' dir='ltr'><strong>vocatus</strong></span> <span class='ocrx_word' id='word_1_87' title='bbox 886 1736 946 1804; x_wconf 83' lang='lat' dir='ltr'><strong>tuit</strong></span> <span class='ocrx_word' id='word_1_88' title='bbox 964 1735 1006 1799; x_wconf 90' lang='lat' dir='ltr'><strong>ad</strong></span> <span class='ocrx_word' id='word_1_89' title='bbox 1023 1758 1139 1803; x_wconf 89' lang='lat' dir='ltr'><strong>munus</strong></span> <span class='ocrx_word' id='word_1_90' title='bbox 1154 1740 1319 1824; x_wconf 87' lang='lat' dir='ltr'><strong>propheti·</strong></span> 
     </span>
     <span class='ocr_line' id='line_1_12' title="bbox 197 1780 1432 1984; baseline 0.003 -82"><span class='ocrx_word' id='word_1_91' title='bbox 197 1859 287 1920; x_wconf 88' lang='lat' dir='ltr'><strong>eum,</strong></span> <span class='ocrx_word' id='word_1_92' title='bbox 304 1859 368 1923; x_wconf 89' lang='lat' dir='ltr'><strong>quo</strong></span> <span class='ocrx_word' id='word_1_93' title='bbox 384 1857 518 1903; x_wconf 86' lang='lat' dir='ltr'><strong>munere</strong></span> <span class='ocrx_word' id='word_1_94' title='bbox 535 1835 662 1903; x_wconf 84' lang='lat' dir='ltr'><strong>iunctus</strong></span> <span class='ocrx_word' id='word_1_95' title='bbox 676 1844 723 1900; x_wconf 88' lang='lat' dir='ltr'><strong>est</strong></span> <span class='ocrx_word' id='word_1_96' title='bbox 737 1858 837 1922; x_wconf 89' lang='lat' dir='ltr'><strong>usque</strong></span> <span class='ocrx_word' id='word_1_97' title='bbox 853 1836 896 1902; x_wconf 89' lang='lat' dir='ltr'><strong>ad</strong></span> <span class='ocrx_word' id='word_1_98' title='bbox 913 1859 1034 1903; x_wconf 88' lang='lat' dir='ltr'><strong>annum</strong></span> <span class='ocrx_word' id='word_1_99' title='bbox 1047 1842 1088 1906; x_wconf 74' lang='lat'><strong>27</strong></span> <span class='ocrx_word' id='word_1_100' title='bbox 1104 1862 1168 1905; x_wconf 88' lang='lat' dir='ltr'><strong>suae</strong></span> <span class='ocrx_word' id='word_1_101' title='bbox 1183 1780 1432 1984; x_wconf 50' lang='lat' dir='ltr'><strong>captivi-(522)</strong></span> 
     </span>
     <span class='ocr_line' id='line_1_13' title="bbox 197 1940 1316 2030; baseline 0.001 -23"><span class='ocrx_word' id='word_1_102' title='bbox 197 1943 282 2024; x_wconf 85' lang='lat' dir='ltr'><strong>tatis,</strong></span> <span class='ocrx_word' id='word_1_103' title='bbox 296 1963 357 2013; x_wconf 71' lang='lat' dir='ltr'><strong>,seu</strong></span> <span class='ocrx_word' id='word_1_104' title='bbox 372 1960 494 2013; x_wconf 89' lang='lat' dir='ltr'><strong>annum</strong></span> <span class='ocrx_word' id='word_1_105' title='bbox 515 1940 556 2003; x_wconf 85' lang='lat'><strong>16</strong></span> <span class='ocrx_word' id='word_1_106' title='bbox 576 1948 647 2024; x_wconf 92' lang='lat' dir='ltr'><strong>post</strong></span> <span class='ocrx_word' id='word_1_107' title='bbox 664 1941 791 2004; x_wconf 85' lang='lat' dir='ltr'><strong>ruinam</strong></span> <span class='ocrx_word' id='word_1_108' title='bbox 810 1940 899 2005; x_wconf 90' lang='lat' dir='ltr'><strong>urbis</strong></span> <span class='ocrx_word' id='word_1_109' title='bbox 919 1951 950 2005; x_wconf 88' lang='lat' dir='ltr'><strong>et</strong></span> <span class='ocrx_word' id='word_1_110' title='bbox 969 1944 1079 2027; x_wconf 90' lang='lat' dir='ltr'><strong>templi</strong></span> <span class='ocrx_word' id='word_1_111' title='bbox 1095 1944 1226 2028; x_wconf 84' lang='lat' dir='ltr'><strong>(XXIX,</strong></span> <span class='ocrx_word' id='word_1_112' title='bbox 1249 1945 1316 2030; x_wconf 83' lang='lat'>17).</span> 
     </span>
     <span class='ocr_line' id='line_1_14' title="bbox 198 2041 1318 2128; baseline 0.003 -22"><span class='ocrx_word' id='word_1_113' title='bbox 198 2041 285 2124; x_wconf 83' lang='lat' dir='ltr'><strong>Quid</strong></span> <span class='ocrx_word' id='word_1_114' title='bbox 304 2051 413 2127; x_wconf 92' lang='lat' dir='ltr'><strong>postea</strong></span> <span class='ocrx_word' id='word_1_115' title='bbox 433 2042 545 2107; x_wconf 82' lang='lat' dir='ltr'><strong>lecerit</strong></span> <span class='ocrx_word' id='word_1_116' title='bbox 567 2041 723 2123; x_wconf 81' lang='lat' dir='ltr'>Ezechiel,</span> <span class='ocrx_word' id='word_1_117' title='bbox 749 2050 781 2105; x_wconf 91' lang='lat' dir='ltr'><strong>et</strong></span> <span class='ocrx_word' id='word_1_118' title='bbox 804 2062 945 2128; x_wconf 90' lang='lat' dir='ltr'><strong>quonam</strong></span> <span class='ocrx_word' id='word_1_119' title='bbox 968 2064 1054 2107; x_wconf 89' lang='lat' dir='ltr'><strong>anno</strong></span> <span class='ocrx_word' id='word_1_120' title='bbox 1077 2044 1203 2128; x_wconf 88' lang='lat' dir='ltr'><strong>obierit,</strong></span> <span class='ocrx_word' id='word_1_121' title='bbox 1230 2047 1318 2110; x_wconf 93' lang='lat' dir='ltr'><strong>nullo</strong></span> 
     </span>
     <span class='ocr_line' id='line_1_15' title="bbox 198 2142 1318 2230; baseline 0.003 -22"><span class='ocrx_word' id='word_1_122' title='bbox 198 2154 406 2230; x_wconf 88' lang='lat' dir='ltr'><strong>monumento</strong></span> <span class='ocrx_word' id='word_1_123' title='bbox 426 2142 588 2230; x_wconf 85' lang='lat' dir='ltr'><strong>proditum</strong></span> <span class='ocrx_word' id='word_1_124' title='bbox 606 2153 662 2207; x_wconf 89' lang='lat' dir='ltr'><strong>est.</strong></span> <span class='ocrx_word' id='word_1_125' title='bbox 685 2142 825 2228; x_wconf 80' lang='lat' dir='ltr'><strong>Antiqua</strong></span> <span class='ocrx_word' id='word_1_126' title='bbox 843 2144 905 2207; x_wconf 86' lang='lat' dir='ltr'><strong>fert</strong></span> <span class='ocrx_word' id='word_1_127' title='bbox 922 2143 1049 2209; x_wconf 85' lang='lat' dir='ltr'><strong>traditio</strong></span> <span class='ocrx_word' id='word_1_128' title='bbox 1066 2148 1207 2210; x_wconf 91' lang='lat' dir='ltr'><strong>occisum</strong></span> <span class='ocrx_word' id='word_1_129' title='bbox 1222 2146 1318 2211; x_wconf 84' lang='lat' dir='ltr'><strong>fuisse</strong></span> 
     </span>
     <span class='ocr_line' id='line_1_16' title="bbox 198 2243 1321 2332; baseline 0.003 -22"><span class='ocrx_word' id='word_1_130' title='bbox 198 2269 217 2310; x_wconf 88' lang='lat' dir='ltr'><strong>a</strong></span> <span class='ocrx_word' id='word_1_131' title='bbox 235 2245 377 2332; x_wconf 86' lang='lat' dir='ltr'><strong>quodam</strong></span> <span class='ocrx_word' id='word_1_132' title='bbox 393 2245 504 2311; x_wconf 85' lang='lat' dir='ltr'><strong>Judaeo</strong></span> <span class='ocrx_word' id='word_1_133' title='bbox 522 2244 613 2331; x_wconf 86' lang='lat' dir='ltr'><strong>cujus</strong></span> <span class='ocrx_word' id='word_1_134' title='bbox 633 2243 847 2309; x_wconf 81' lang='lat' dir='ltr'><strong>idololatriam</strong></span> <span class='ocrx_word' id='word_1_135' title='bbox 864 2246 1125 2332; x_wconf 89' lang='lat' dir='ltr'><strong>reprehenderat.</strong></span> <span class='ocrx_word' id='word_1_136' title='bbox 1150 2249 1321 2313; x_wconf 87' lang='lat' dir='ltr'><strong>Ezechielis</strong></span> 
     </span>
     <span class='ocr_line' id='line_1_17' title="bbox 198 2349 1438 2437; baseline -0.001 -22"><span class='ocrx_word' id='word_1_137' title='bbox 198 2352 353 2417; x_wconf 90' lang='lat' dir='ltr'><strong>memoria</strong></span> <span class='ocrx_word' id='word_1_138' title='bbox 376 2351 490 2415; x_wconf 91' lang='lat' dir='ltr'><strong>colitur</strong></span> <span class='ocrx_word' id='word_1_139' title='bbox 505 2351 538 2413; x_wconf 93' lang='lat' dir='ltr'><strong>in</strong></span> <span class='ocrx_word' id='word_1_140' title='bbox 556 2349 779 2434; x_wconf 79' lang='lat' dir='ltr'><strong>Martyrologio</strong></span> <span class='ocrx_word' id='word_1_141' title='bbox 799 2350 958 2434; x_wconf 86' lang='lat' dir='ltr'><strong>Romano,</strong></span> <span class='ocrx_word' id='word_1_142' title='bbox 974 2349 1017 2414; x_wconf 90' lang='lat' dir='ltr'><strong>ad</strong></span> <span class='ocrx_word' id='word_1_143' title='bbox 1036 2360 1186 2437; x_wconf 90' lang='lat' dir='ltr'><strong>quartum</strong></span> <span class='ocrx_word' id='word_1_144' title='bbox 1203 2349 1320 2414; x_wconf 91' lang='lat' dir='ltr'><strong>Iduum</strong></span> <span class='ocrx_word' id='word_1_145' title='bbox 1436 2369 1438 2373; x_wconf 86' lang='lat'>·</span> 
     </span>
     <span class='ocr_line' id='line_1_18' title="bbox 197 2453 355 2538; baseline 0 -21"><span class='ocrx_word' id='word_1_146' title='bbox 197 2453 355 2538; x_wconf 74' lang='lat' dir='ltr'><strong>Aprilis.)</strong></span> 
     </span>
     <span class='ocr_line' id='line_1_19' title="bbox 239 2524 1489 2643; baseline 0.001 -24"><span class='ocrx_word' id='word_1_147' title='bbox 239 2557 273 2629; x_wconf 75' lang='lat'><strong>2.</strong></span> <span class='ocrx_word' id='word_1_148' title='bbox 299 2557 532 2640; x_wconf 79' lang='lat' dir='ltr'><strong>Arpumeatom.</strong></span> <span class='ocrx_word' id='word_1_149' title='bbox 565 2553 744 2640; x_wconf 85' lang='lat' dir='ltr'><strong>Prophetiae</strong></span> <span class='ocrx_word' id='word_1_150' title='bbox 760 2555 938 2643; x_wconf 19' lang='lat' dir='ltr'><strong>‘Ezechielis</strong></span> <span class='ocrx_word' id='word_1_151' title='bbox 960 2557 1072 2643; x_wconf 74' lang='lat' dir='ltr'><strong>saepius</strong></span> <span class='ocrx_word' id='word_1_152' title='bbox 1093 2557 1266 2623; x_wconf 83' lang='lat' dir='ltr'><strong>visionibus</strong></span> <span class='ocrx_word' id='word_1_153' title='bbox 1290 2567 1322 2621; x_wconf 91' lang='lat' dir='ltr'><strong>et</strong></span> <span class='ocrx_word' id='word_1_154' title='bbox 1379 2548 1401 2619; x_wconf 87' lang='lat' dir='ltr'><strong>l</strong></span> <span class='ocrx_word' id='word_1_155' title='bbox 1419 2524 1489 2606; x_wconf 53' lang='lat' dir='ltr'><strong>Tb</strong></span> 
     </span>
    </p>

    <p class='ocr_par' dir='ltr' id='par_1_6' title="bbox 196 2657 1411 2961">
     <span class='ocr_line' id='line_1_20' title="bbox 197 2657 1321 2777; baseline -0.002 -52"><span class='ocrx_word' id='word_1_156' title='bbox 197 2657 374 2725; x_wconf 83' lang='lat' dir='ltr'><strong>actionibus</strong></span> <span class='ocrx_word' id='word_1_157' title='bbox 386 2657 567 2743; x_wconf 67' lang='lat' dir='ltr'><strong>symbolicis</strong></span> <span class='ocrx_word' id='word_1_158' title='bbox 580 2659 813 2743; x_wconf 73' lang='lat' dir='ltr'><strong>exprimuntur,</strong></span> <span class='ocrx_word' id='word_1_159' title='bbox 829 2680 929 2746; x_wconf 88' lang='lat' dir='ltr'><strong>quare</strong></span> <span class='ocrx_word' id='word_1_160' title='bbox 941 2657 1038 2723; x_wconf 88' lang='lat' dir='ltr'><strong>densa</strong></span> <span class='ocrx_word' id='word_1_161' title='bbox 1051 2660 1164 2744; x_wconf 74' lang='lat' dir='ltr'><strong>saepius</strong></span> <span class='ocrx_word' id='word_1_162' title='bbox 1173 2660 1321 2777; x_wconf 62' lang='lat' dir='ltr'><strong>lab‘lEPt</strong></span> 
     </span>
     <span class='ocr_line' id='line_1_21' title="bbox 196 2761 1319 2847; baseline 0 -21"><span class='ocrx_word' id='word_1_163' title='bbox 196 2763 400 2827; x_wconf 75' lang='lat' dir='ltr'><strong>obscuritate.</strong></span> <span class='ocrx_word' id='word_1_164' title='bbox 417 2763 517 2825; x_wconf 85' lang='lat' dir='ltr'><strong>Recte</strong></span> <span class='ocrx_word' id='word_1_165' title='bbox 529 2771 637 2825; x_wconf 89' lang='lat' dir='ltr'><strong>autem</strong></span> <span class='ocrx_word' id='word_1_166' title='bbox 649 2761 682 2825; x_wconf 93' lang='lat' dir='ltr'><strong>in</strong></span> <span class='ocrx_word' id='word_1_167' title='bbox 694 2771 759 2824; x_wconf 89' lang='lat' dir='ltr'><strong>tres</strong></span> <span class='ocrx_word' id='word_1_168' title='bbox 770 2770 877 2847; x_wconf 88' lang='lat' dir='ltr'><strong>partes</strong></span> <span class='ocrx_word' id='word_1_169' title='bbox 888 2761 1037 2847; x_wconf 83' lang='lat' dir='ltr'><strong>distingui</strong></span> <span class='ocrx_word' id='word_1_170' title='bbox 1053 2772 1195 2846; x_wconf 91' lang='lat' dir='ltr'><strong>possunt.</strong></span> <span class='ocrx_word' id='word_1_171' title='bbox 1211 2763 1319 2826; x_wconf 75' lang='lat' dir='ltr'><strong>Prima</strong></span> 
     </span>
     <span class='ocr_line' id='line_1_22' title="bbox 197 2862 1319 2961; baseline -0.002 -30"><span class='ocrx_word' id='word_1_172' title='bbox 197 2886 272 2950; x_wconf 89' lang='lat' dir='ltr'><strong>pars</strong></span> <span class='ocrx_word' id='word_1_173' title='bbox 286 2863 449 2949; x_wconf 76' lang='lat' dir='ltr'><strong>(l-xxlv)</strong></span> <span class='ocrx_word' id='word_1_174' title='bbox 465 2865 605 2948; x_wconf 85' lang='lat' dir='ltr'><strong>continet</strong></span> <span class='ocrx_word' id='word_1_175' title='bbox 628 2864 776 2927; x_wconf 88' lang='lat' dir='ltr'><strong>vaticinia</strong></span> <span class='ocrx_word' id='word_1_176' title='bbox 799 2862 842 2927; x_wconf 89' lang='lat' dir='ltr'><strong>ad</strong></span> <span class='ocrx_word' id='word_1_177' title='bbox 855 2863 983 2928; x_wconf 83' lang='lat' dir='ltr'><strong>Judaeos</strong></span> <span class='ocrx_word' id='word_1_178' title='bbox 998 2862 1120 2928; x_wconf 87' lang='lat' dir='ltr'><strong>directa</strong></span> <span class='ocrx_word' id='word_1_179' title='bbox 1134 2874 1207 2961; x_wconf 69' lang='lat' dir='ltr'><strong>ante</strong></span> <span class='ocrx_word' id='word_1_180' title='bbox 1224 2862 1319 2929; x_wconf 87' lang='lat' dir='ltr'><strong>deso·</strong></span> 
     </span>
    </p>

    <p class='ocr_par' dir='ltr' id='par_1_7' title="bbox 119 2964 1355 4071">
     <span class='ocr_line' id='line_1_23' title="bbox 119 2964 1320 3055; baseline -0.001 -25"><span class='ocrx_word' id='word_1_181' title='bbox 119 3046 125 3055; x_wconf 31' lang='grc' dir='ltr'>Ι</span> <span class='ocrx_word' id='word_1_182' title='bbox 197 2967 349 3051; x_wconf 88' lang='lat' dir='ltr'><strong>lationem</strong></span> <span class='ocrx_word' id='word_1_183' title='bbox 372 2964 484 3044; x_wconf 75' lang='lat' dir='ltr'><strong>urhis!</strong></span> <span class='ocrx_word' id='word_1_184' title='bbox 507 2964 620 3028; x_wconf 89' lang='lat' dir='ltr'><strong>Statim</strong></span> <span class='ocrx_word' id='word_1_185' title='bbox 644 2974 750 3029; x_wconf 89' lang='lat' dir='ltr'><strong>autem</strong></span> <span class='ocrx_word' id='word_1_186' title='bbox 773 2965 806 3028; x_wconf 94' lang='lat' dir='ltr'><strong>in</strong></span> <span class='ocrx_word' id='word_1_187' title='bbox 835 2966 944 3030; x_wconf 90' lang='lat' dir='ltr'><strong>limine</strong></span> <span class='ocrx_word' id='word_1_188' title='bbox 967 2974 1100 3030; x_wconf 87' lang='lat' dir='ltr'><strong>vocatur</strong></span> <span class='ocrx_word' id='word_1_189' title='bbox 1122 2966 1267 3029; x_wconf 88' lang='lat' dir='ltr'><strong>Ezechiel</strong></span> <span class='ocrx_word' id='word_1_190' title='bbox 1289 2975 1320 3029; x_wconf 88' lang='lat' dir='ltr'><strong>ot</strong></span> 
     </span>
     <span class='ocr_line' id='line_1_24' title="bbox 197 3064 1320 3151; baseline -0.003 -20"><span class='ocrx_word' id='word_1_191' title='bbox 197 3067 357 3151; x_wconf 84' lang='lat' dir='ltr'><strong>Propheta</strong></span> <span class='ocrx_word' id='word_1_192' title='bbox 368 3067 503 3130; x_wconf 87' lang='lat' dir='ltr'><strong>mittitur</strong></span> <span class='ocrx_word' id='word_1_193' title='bbox 513 3064 555 3130; x_wconf 90' lang='lat' dir='ltr'><strong>ad</strong></span> <span class='ocrx_word' id='word_1_194' title='bbox 567 3065 694 3130; x_wconf 81' lang='lat' dir='ltr'><strong>Judoeos</strong></span> <span class='ocrx_word' id='word_1_195' title='bbox 707 3067 740 3129; x_wconf 90' lang='lat' dir='ltr'><strong>in</strong></span> <span class='ocrx_word' id='word_1_196' title='bbox 756 3067 811 3130; x_wconf 92' lang='lat' dir='ltr'><strong>illa</strong></span> <span class='ocrx_word' id='word_1_197' title='bbox 823 3067 931 3151; x_wconf 82' lang='lat' dir='ltr'><strong>gloriae</strong></span> <span class='ocrx_word' id='word_1_198' title='bbox 947 3066 1003 3129; x_wconf 88' lang='lat' dir='ltr'><strong>Dei</strong></span> <span class='ocrx_word' id='word_1_199' title='bbox 1017 3066 1147 3148; x_wconf 84' lang='lat' dir='ltr'><strong>visione,</strong></span> <span class='ocrx_word' id='word_1_200' title='bbox 1166 3086 1229 3151; x_wconf 86' lang='lat' dir='ltr'><strong>qua</strong></span> <span class='ocrx_word' id='word_1_201' title='bbox 1242 3064 1320 3130; x_wconf 83' lang='lat' dir='ltr'><strong>vidit</strong></span> 
     </span>
     <span class='ocr_line' id='line_1_25' title="bbox 198 3165 1355 3255; baseline 0 -23"><span class='ocrx_word' id='word_1_202' title='bbox 198 3178 335 3255; x_wconf 88' lang='lat' dir='ltr'><strong>quatuor</strong></span> <span class='ocrx_word' id='word_1_203' title='bbox 352 3167 503 3231; x_wconf 87' lang='lat' dir='ltr'><strong>animalia</strong></span> <span class='ocrx_word' id='word_1_204' title='bbox 523 3165 740 3253; x_wconf 90' lang='lat' dir='ltr'><strong>quadruplicis</strong></span> <span class='ocrx_word' id='word_1_205' title='bbox 758 3167 862 3250; x_wconf 83' lang='lat' dir='ltr'><strong>faciei,</strong></span> <span class='ocrx_word' id='word_1_206' title='bbox 885 3187 1023 3254; x_wconf 88' lang='lat' dir='ltr'><strong>quorum</strong></span> <span class='ocrx_word' id='word_1_207' title='bbox 1041 3166 1196 3251; x_wconf 86' lang='lat' dir='ltr'><strong>capitibus</strong></span> <span class='ocrx_word' id='word_1_208' title='bbox 1212 3167 1320 3230; x_wconf 92' lang='lat' dir='ltr'><strong>immi-</strong></span> <span class='ocrx_word' id='word_1_209' title='bbox 1351 3226 1355 3232; x_wconf 90' lang='lat'><em>.</em></span> 
     </span>
     <span class='ocr_line' id='line_1_26' title="bbox 198 3269 1320 3354; baseline -0.002 -19"><span class='ocrx_word' id='word_1_210' title='bbox 198 3271 294 3335; x_wconf 87' lang='lat' dir='ltr'><strong>nebat</strong></span> <span class='ocrx_word' id='word_1_211' title='bbox 308 3271 442 3333; x_wconf 86' lang='lat' dir='ltr'><strong>thronus</strong></span> <span class='ocrx_word' id='word_1_212' title='bbox 456 3291 636 3354; x_wconf 79' lang='lat' dir='ltr'><strong>coruscans,</strong></span> <span class='ocrx_word' id='word_1_213' title='bbox 658 3280 688 3333; x_wconf 92' lang='lat' dir='ltr'><strong>et</strong></span> <span class='ocrx_word' id='word_1_214' title='bbox 704 3271 736 3333; x_wconf 90' lang='lat' dir='ltr'><strong>in</strong></span> <span class='ocrx_word' id='word_1_215' title='bbox 748 3270 855 3335; x_wconf 88' lang='lat' dir='ltr'><strong>medio</strong></span> <span class='ocrx_word' id='word_1_216' title='bbox 867 3272 975 3335; x_wconf 88' lang='lat' dir='ltr'><strong>throni</strong></span> <span class='ocrx_word' id='word_1_217' title='bbox 988 3269 1160 3334; x_wconf 92' lang='lat' dir='ltr'><strong>similitudo</strong></span> <span class='ocrx_word' id='word_1_218' title='bbox 1183 3269 1320 3334; x_wconf 90' lang='lat' dir='ltr'><strong>hominis</strong></span> 
     </span>
     <span class='ocr_line' id='line_1_27' title="bbox 196 3372 1321 3458; baseline -0.001 -22"><span class='ocrx_word' id='word_1_219' title='bbox 196 3375 269 3436; x_wconf 90' lang='lat' dir='ltr'><strong>luce</strong></span> <span class='ocrx_word' id='word_1_220' title='bbox 284 3372 417 3457; x_wconf 84' lang='lat' dir='ltr'><strong>perfusi.</strong></span> <span class='ocrx_word' id='word_1_221' title='bbox 435 3372 594 3455; x_wconf 89' lang='lat' dir='ltr'><strong>Propheta</strong></span> <span class='ocrx_word' id='word_1_222' title='bbox 607 3394 627 3436; x_wconf 90' lang='lat' dir='ltr'><strong>a</strong></span> <span class='ocrx_word' id='word_1_223' title='bbox 639 3374 705 3436; x_wconf 90' lang='lat' dir='ltr'><strong>Deo</strong></span> <span class='ocrx_word' id='word_1_224' title='bbox 719 3374 832 3437; x_wconf 91' lang='lat' dir='ltr'><strong>missus</strong></span> <span class='ocrx_word' id='word_1_225' title='bbox 844 3372 960 3437; x_wconf 85' lang='lat' dir='ltr'><strong>Judaeis</strong></span> <span class='ocrx_word' id='word_1_226' title='bbox 974 3394 1045 3436; x_wconf 90' lang='lat' dir='ltr'><strong>suas</strong></span> <span class='ocrx_word' id='word_1_227' title='bbox 1058 3372 1230 3458; x_wconf 80' lang='lat' dir='ltr'><strong>exprobrat</strong></span> <span class='ocrx_word' id='word_1_228' title='bbox 1243 3394 1321 3458; x_wconf 80' lang='lat' dir='ltr'><strong>prae-</strong></span> 
     </span>
     <span class='ocr_line' id='line_1_28' title="bbox 197 3473 1320 3561; baseline 0.002 -24"><span class='ocrx_word' id='word_1_229' title='bbox 197 3475 417 3555; x_wconf 87' lang='lat' dir='ltr'><strong>varicationes,</strong></span> <span class='ocrx_word' id='word_1_230' title='bbox 443 3474 617 3558; x_wconf 87' lang='lat' dir='ltr'><strong>praesertim</strong></span> <span class='ocrx_word' id='word_1_231' title='bbox 640 3496 715 3539; x_wconf 87' lang='lat' dir='ltr'><strong>vero</strong></span> <span class='ocrx_word' id='word_1_232' title='bbox 738 3474 977 3558; x_wconf 88' lang='lat' dir='ltr'><strong>idololatriam,</strong></span> <span class='ocrx_word' id='word_1_233' title='bbox 1001 3477 1034 3539; x_wconf 93' lang='lat' dir='ltr'><strong>in</strong></span> <span class='ocrx_word' id='word_1_234' title='bbox 1068 3473 1158 3561; x_wconf 88' lang='lat' dir='ltr'><strong>cujus</strong></span> <span class='ocrx_word' id='word_1_235' title='bbox 1192 3497 1320 3560; x_wconf 91' lang='lat' dir='ltr'><strong>poenam</strong></span> 
     </span>
     <span class='ocr_line' id='line_1_29' title="bbox 195 3575 1319 3663; baseline 0 -22"><span class='ocrx_word' id='word_1_236' title='bbox 195 3577 426 3661; x_wconf 75' lang='lat' dir='ltr'><strong>lerosolymam</strong></span> <span class='ocrx_word' id='word_1_237' title='bbox 438 3597 514 3640; x_wconf 83' lang='lat' dir='ltr'><strong>mox</strong></span> <span class='ocrx_word' id='word_1_238' title='bbox 526 3575 747 3661; x_wconf 88' lang='lat' dir='ltr'><strong>desolandam,</strong></span> <span class='ocrx_word' id='word_1_239' title='bbox 768 3588 799 3642; x_wconf 87' lang='lat' dir='ltr'><strong>et</strong></span> <span class='ocrx_word' id='word_1_240' title='bbox 817 3577 943 3643; x_wconf 88' lang='lat' dir='ltr'><strong>Judeeos</strong></span> <span class='ocrx_word' id='word_1_241' title='bbox 960 3579 1042 3642; x_wconf 88' lang='lat' dir='ltr'><strong>inter</strong></span> <span class='ocrx_word' id='word_1_242' title='bbox 1062 3588 1171 3663; x_wconf 80' lang='lat' dir='ltr'><strong>gentes</strong></span> <span class='ocrx_word' id='word_1_243' title='bbox 1192 3576 1319 3663; x_wconf 91' lang='lat' dir='ltr'><strong>disper-</strong></span> 
     </span>
     <span class='ocr_line' id='line_1_30' title="bbox 196 3665 1318 3765; baseline 0.001 -23"><span class='ocrx_word' id='word_1_244' title='bbox 196 3677 316 3764; x_wconf 80' lang='lat' dir='ltr'><strong>gendos</strong></span> <span class='ocrx_word' id='word_1_245' title='bbox 335 3700 403 3742; x_wconf 89' lang='lat' dir='ltr'><strong>esse</strong></span> <span class='ocrx_word' id='word_1_246' title='bbox 418 3665 570 3763; x_wconf 84' lang='lat' dir='ltr'><strong>praedicit.</strong></span> <span class='ocrx_word' id='word_1_247' title='bbox 590 3681 655 3744; x_wconf 88' lang='lat' dir='ltr'><strong>Nec</strong></span> <span class='ocrx_word' id='word_1_248' title='bbox 673 3689 796 3744; x_wconf 87' lang='lat' dir='ltr'><strong>tantum</strong></span> <span class='ocrx_word' id='word_1_249' title='bbox 815 3680 958 3765; x_wconf 72' lang='lat' dir='ltr'><strong>praedicit</strong></span> <span class='ocrx_word' id='word_1_250' title='bbox 972 3680 1131 3764; x_wconf 88' lang='lat' dir='ltr'><strong>Propheta</strong></span> <span class='ocrx_word' id='word_1_251' title='bbox 1148 3681 1243 3742; x_wconf 88' lang='lat' dir='ltr'><strong>variis</strong></span> <span class='ocrx_word' id='word_1_252' title='bbox 1259 3680 1318 3743; x_wconf 92' lang='lat' dir='ltr'><strong>sub</strong></span> 
     </span>
     <span class='ocr_line' id='line_1_31' title="bbox 196 3779 1316 3867; baseline 0 -24"><span class='ocrx_word' id='word_1_253' title='bbox 196 3782 303 3866; x_wconf 80' lang='lat' dir='ltr'><strong>figuris</strong></span> <span class='ocrx_word' id='word_1_254' title='bbox 317 3781 520 3866; x_wconf 75' lang='lat' dir='ltr'><strong>lerosolymae</strong></span> <span class='ocrx_word' id='word_1_255' title='bbox 537 3781 729 3846; x_wconf 88' lang='lat' dir='ltr'><strong>habitatores</strong></span> <span class='ocrx_word' id='word_1_256' title='bbox 744 3784 776 3845; x_wconf 91' lang='lat' dir='ltr'><strong>in</strong></span> <span class='ocrx_word' id='word_1_257' title='bbox 790 3782 999 3867; x_wconf 86' lang='lat' dir='ltr'><strong>Babyloniam</strong></span> <span class='ocrx_word' id='word_1_258' title='bbox 1011 3802 1078 3844; x_wconf 89' lang='lat' dir='ltr'><strong>esse</strong></span> <span class='ocrx_word' id='word_1_259' title='bbox 1089 3779 1316 3864; x_wconf 87' lang='lat' dir='ltr'><strong>deportandos,</strong></span> 
     </span>
     <span class='ocr_line' id='line_1_32' title="bbox 197 3882 1318 3969; baseline -0.003 -21"><span class='ocrx_word' id='word_1_260' title='bbox 197 3883 253 3948; x_wconf 91' lang='lat' dir='ltr'><strong>sed</strong></span> <span class='ocrx_word' id='word_1_261' title='bbox 268 3882 359 3947; x_wconf 87' lang='lat' dir='ltr'><strong>addit</strong></span> <span class='ocrx_word' id='word_1_262' title='bbox 377 3903 498 3969; x_wconf 83' lang='lat' dir='ltr'><strong>regem,</strong></span> <span class='ocrx_word' id='word_1_263' title='bbox 518 3894 670 3969; x_wconf 88' lang='lat' dir='ltr'><strong>perrupto</strong></span> <span class='ocrx_word' id='word_1_264' title='bbox 687 3885 775 3949; x_wconf 89' lang='lat' dir='ltr'><strong>urbis</strong></span> <span class='ocrx_word' id='word_1_265' title='bbox 792 3906 897 3967; x_wconf 90' lang='lat' dir='ltr'><strong>muro,</strong></span> <span class='ocrx_word' id='word_1_266' title='bbox 916 3892 1008 3948; x_wconf 87' lang='lat' dir='ltr'><strong>nocte</strong></span> <span class='ocrx_word' id='word_1_267' title='bbox 1032 3883 1142 3966; x_wconf 86' lang='lat' dir='ltr'><strong>fugam</strong></span> <span class='ocrx_word' id='word_1_268' title='bbox 1165 3903 1318 3966; x_wconf 91' lang='lat' dir='ltr'><strong>capessu-</strong></span> 
     </span>
     <span class='ocr_line' id='line_1_33' title="bbox 189 3983 1317 4071; baseline -0.004 -17"><span class='ocrx_word' id='word_1_269' title='bbox 189 3987 339 4071; x_wconf 68' lang='lat' dir='ltr'><strong>,rum,.tn</strong></span> <span class='ocrx_word' id='word_1_270' title='bbox 361 3986 423 4051; x_wconf 87' lang='lat' dir='ltr'><strong>hac</strong></span> <span class='ocrx_word' id='word_1_271' title='bbox 446 3987 523 4071; x_wconf 80' lang='lat' dir='ltr'><strong>fuga</strong></span> <span class='ocrx_word' id='word_1_272' title='bbox 545 4008 564 4050; x_wconf 88' lang='lat' dir='ltr'><strong>a</strong></span> <span class='ocrx_word' id='word_1_273' title='bbox 586 3986 740 4051; x_wconf 81' lang='lat' dir='ltr'><strong>Chaldaeis</strong></span> <span class='ocrx_word' id='word_1_274' title='bbox 763 3985 955 4071; x_wconf 88' lang='lat' dir='ltr'><strong>capiendum</strong></span> <span class='ocrx_word' id='word_1_275' title='bbox 975 3983 1264 4071; x_wconf 87' lang='lat' dir='ltr'><strong>abducendumque</strong></span> <span class='ocrx_word' id='word_1_276' title='bbox 1284 3985 1317 4049; x_wconf 91' lang='lat' dir='ltr'><strong>in</strong></span> 
     </span>
    </p>
   </div>
   <div class='ocr_carea' id='block_1_6' title="bbox 198 4222 1317 4396">
    <p class='ocr_par' dir='ltr' id='par_1_8' title="bbox 198 4222 1317 4396">
     <span class='ocr_line' id='line_1_34' title="bbox 203 4222 1317 4319; baseline -0.002 -19"><span class='ocrx_word' id='word_1_277' title='bbox 203 4222 205 4226; x_wconf 20' lang='grc' dir='ltr'>Ι</span> <span class='ocrx_word' id='word_1_278' title='bbox 229 4248 265 4311; x_wconf 72' lang='lat' dir='ltr'><strong>(l)</strong></span> <span class='ocrx_word' id='word_1_279' title='bbox 277 4248 330 4299; x_wconf 71' lang='lat' dir='ltr'><strong>Gir.</strong></span> <span class='ocrx_word' id='word_1_280' title='bbox 343 4249 518 4319; x_wconf 77' lang='lat' dir='ltr'><strong>hieronymus,</strong></span> <span class='ocrx_word' id='word_1_281' title='bbox 532 4229 672 4300; x_wconf 79' lang='lat' dir='ltr'><strong>Commeat.</strong></span> <span class='ocrx_word' id='word_1_282' title='bbox 686 4250 714 4299; x_wconf 83' lang='lat' dir='ltr'><strong>in</strong></span> <span class='ocrx_word' id='word_1_283' title='bbox 725 4249 829 4310; x_wconf 80' lang='lat' dir='ltr'><strong>Ezect.;</strong></span> <span class='ocrx_word' id='word_1_284' title='bbox 840 4247 1009 4311; x_wconf 87' lang='lat' dir='ltr'><strong>Vitalpandus,</strong></span> <span class='ocrx_word' id='word_1_285' title='bbox 1020 4247 1160 4300; x_wconf 82' lang='lat' dir='ltr'><strong>Commeat.</strong></span> <span class='ocrx_word' id='word_1_286' title='bbox 1172 4249 1200 4299; x_wconf 81' lang='lat' dir='ltr'><strong>to</strong></span> <span class='ocrx_word' id='word_1_287' title='bbox 1214 4247 1317 4308; x_wconf 81' lang='lat' dir='ltr'><strong>Ezech.,·</strong></span> 
     </span>
     <span class='ocr_line' id='line_1_35' title="bbox 198 4329 784 4396; baseline 0 -16"><span class='ocrx_word' id='word_1_288' title='bbox 198 4335 224 4380; x_wconf 86' lang='lat' dir='ltr'><strong>et</strong></span> <span class='ocrx_word' id='word_1_289' title='bbox 236 4329 375 4394; x_wconf 76' lang='lat' dir='ltr'><strong>generatim</strong></span> <span class='ocrx_word' id='word_1_290' title='bbox 385 4331 590 4382; x_wconf 72' lang='lat' dir='ltr'><strong>lenocinationes</strong></span> <span class='ocrx_word' id='word_1_291' title='bbox 601 4333 629 4382; x_wconf 82' lang='lat' dir='ltr'><strong>ta</strong></span> <span class='ocrx_word' id='word_1_292' title='bbox 642 4331 669 4383; x_wconf 88' lang='lat' dir='ltr'><strong>S.</strong></span> <span class='ocrx_word' id='word_1_293' title='bbox 687 4330 784 4396; x_wconf 81' lang='lat' dir='ltr'><strong>Sertpt.</strong></span> 
     </span>
    </p>
   </div>
   <div class='ocr_carea' id='block_1_7' title="bbox 0 0 1570 4964">
    <p class='ocr_par' dir='ltr' id='par_1_9' title="bbox 0 0 1570 4964">
     <span class='ocr_line' id='line_1_36' title="bbox 0 0 1570 4964; baseline 0 0"><span class='ocrx_word' id='word_1_294' title='bbox 0 0 1570 4964; x_wconf 95' lang='lat' dir='ltr'><strong> </strong></span> 
     </span>
    </p>
   </div>
  </div>
 </body>
</html>
