3168 4948
292 283 355 352 506
402 304 403 307 “
522 308 721 351 turnonucrto
736 307 884 350 *sunalbus
902 309 935 350 lu
949 309 976 351 S.
994 309 1193 354 scararum.

293 407 536 472 circumstantiis
555 405 760 491 exponendis,
775 405 909 470 dirersis·
922 415 1053 471 utuntur
1067 408 1184 491 verbis,
1202 409 1328 476 diverso
1342 433 1416 476 vcr-

293 511 408 575 borum
421 510 544 593 ordine,
561 509 686 574 diverso
703 509 869 573 locutionis
881 530 1010 594 genere.
1025 510 1144 575 Sicubi
1157 514 1302 578 referunt
1316 513 1416 578 rerba
1484 556 1491 565 ·

291 607 422 677 loannis
434 613 593 697 Baptistae,
608 633 689 674 unus
702 612 807 695 plura,
818 612 899 674 alter
910 612 1062 695 pauciora
1074 613 1197 697 recitat,
1208 614 1296 679 nulla
1309 624 1417 678 tamen

292 713 411 779 idcirco
424 717 505 779 inter
517 716 588 778 illos
600 713 690 778 adest
701 712 864 777 dissensio.
880 713 987 795 Quare
999 714 1205 799 reprehendit
1222 717 1416 802 Augustinus

292 817 435 902 quisquis
469 814 545 880 dicit
578 814 784 899 Evangelistis
816 836 874 899 per
904 813 1037 900 Spiritus
1059 816 1159 880 sancti
1182 819 1359 902 potentiam
1381 816 1414 882 id

289 916 436 981 debuisse
455 915 598 998 concedi,
622 925 656 979 ut
673 937 732 979 nec
751 916 784 979 in
801 936 918 1000 genere
939 915 1111 980 verborum
1132 939 1191 982 nec
1212 919 1244 981 iu
1264 940 1413 1002 numero,

290 1042 349 1085 nec
361 1022 393 1084 in
409 1021 520 1086 ordine
533 1020 759 1106 discreparent.
775 1020 813 1083 Et
825 1020 916 1084 alleri
934 1019 1127 1104 Augustinus
1141 1022 1203 1085 hoc
1216 1023 1411 1107 exemplum.

290 1125 454 1189 Matthaeus
477 1125 575 1189 refert
600 1125 756 1188 loannem
779 1124 952 1208 Baptistam
976 1122 1119 1188 dixisse:
1143 1123 1207 1203 Qui
1226 1137 1326 1188 antam
1346 1136 1416 1210 post
1447 1198 1450 1203 .

290 1249 337 1289 me
365 1239 505 1292 cantaras
532 1239 598 1300 est,
624 1228 735 1312 fortior
754 1248 801 1289 me
822 1238 877 1300 est,
896 1228 983 1311 cujas
1000 1249 1062 1289 non
1081 1248 1148 1290 anm
1171 1227 1282 1312 dignata
1295 1228 1414 1291 calcca-

290 1342 389 1393 meata
408 1330 660 1415 portare..lucas
677 1347 752 1394 vero
776 1330 894 1393 :Venit
914 1341 1013 1392 aretem
1025 1330 1138 1413 pbrtior
1161 1351 1218 1402 mc,
1244 1332 1330 1414 cenna
1351 1353 1414 1395 non

289 1455 356 1496 anrn
372 1433 480 1517 ‹lipnaa
500 1432 611 1497 soluere
628 1435 788 1517 corripiam
807 1431 1083 1495 calceamentormn.
1102 1433 1231 1495 Marcus
1243 1431 1333 1496 addit
1350 1455 1414 1497 vo-

176 1604 180 1611 ,
289 1556 359 1598 cem
369 1535 566 1620 procnarleas
578 1560 588 1597 .·
599 1537 684 1619 cajus
695 1557 755 1598 raon
767 1556 834 1598 arran
849 1536 960 1619 digana
974 1534 1173 1618 procumbens
1184 1533 1301 1599 solane
1312 1538 1414 1599 corri-

286 1641 366 1723 piam
380 1639 657 1702 calceamentorum.
674 1638 830 1701 Dillerunt
854 1637 963 1719 verba,
984 1648 1014 1701 ct
1037 1636 1209 1701 verborum
1234 1636 1325 1719 ordo,
1346 1659 1412 1702 non

286 1743 452 1805 sententia.
479 1741 631 1823 Quamvis
656 1763 750 1826 porro
773 1740 861 1805 aliud
885 1741 923 1819 sit
945 1740 1141 1804 calceamenta
1163 1752 1297 1825 portare,
1321 1740 1410 1805 aliud

285 1846 445 1928 corripiam
465 1844 654 1907 calceamenti
664 1843 786 1917 soluere,
805 1863 1012 1929 nequaquam
1027 1853 1135 1907 tamen
1147 1845 1408 1908 LucasMatthaeo

228 1999 230 2003 .
285 1949 461 2011 contrarius
479 1957 536 2011 est.
551 1947 657 2011 Potuit
674 1947 758 2010 enim
774 1947 913 2011 loannes
930 1955 1101 2032 utrumque
1117 1947 1162 2010 sie
1175 1944 1281 2009 dicere
1298 1969 1306 2009 ε
1321 1948 1408 2031 cnjus

285 2071 346 2113 non
365 2070 430 2114 sam
447 2051 568 2136 dignas
592 2052 754 2133 corripiam
778 2048 969 2113 calceamenti
990 2046 1113 2122 soluere,
1140 2070 1192 2111 nec
1209 2048 1406 2112 calceamenta

281 2165 416 2237 portare.
442 2153 474 2215 Si
490 2162 597 2217 autem
623 2153 701 2216 nihil
717 2150 852 2216 intendit
868 2151 1008 2215 loannes
1027 2172 1104 2215 eum
1117 2150 1157 2214 de
1182 2153 1408 2216 calceamentis

284 2256 410 2319 Domini
435 2255 567 2339 diceret,
594 2256 652 2319 nisi
681 2255 902 2319 excellentiam
920 2252 989 2340 ejus
1005 2263 1036 2322 ct
1051 2252 1264 2317 humilitatem
1287 2274 1405 2333 suam3

283 2355 448 2442 quodlibet
463 2360 580 2422 horum
596 2358 720 2439 dixerit,
740 2358 805 2421 sive
824 2356 864 2420 de
880 2354 1032 2420 solvenda
1050 2357 1185 2441 corrigia
1200 2357 1405 2420 calceamen-

281 2469 400 2541 torum,
430 2460 494 2525 sive
524 2460 564 2524 de
589 2458 759 2545 portandis
781 2459 1016 2541 calceamentis,
1045 2457 1192 2522 camdem
1216 2460 1405 2523 sententiam

282 2564 392 2627 tenuit.
409 2565 457 2627 Ita
473 2565 666 2650 Augustinus
687 2566 741 2650 qui
757 2562 871 2628 addit:
895 2588 909 2623 a
929 2564 1020 2627 Utilis
1036 2564 1131 2648 igitur
1148 2562 1263 2628 modus
1279 2573 1310 2627 et
1330 2584 1405 2627 me-

282 2668 391 2732 moriae
410 2669 547 2732 maxime
565 2666 851 2747 commendandus,
879 2687 955 2730 cnm
970 2667 1011 2729 de
1033 2667 1249 2731 convenientia
1268 2664 1407 2730 dicimus

281 2770 576 2855 Evangelistarum,
607 2791 670 2833 non
698 2791 765 2833 esse
795 2768 1012 2847 mendacium,
1043 2791 1125 2835 eum
1146 2770 1280 2855 quisque
1307 2769 1405 2837 etiam

280 2872 390 2937 dicens
407 2874 527 2959 aliquid
545 2871 645 2951 aliud,
665 2870 752 2957 quod
770 2873 867 2936 ctiam
886 2872 941 2935 ille
956 2893 1020 2935 uon
1038 2870 1117 2935 dixit
1133 2871 1176 2945 de
1195 2894 1260 2958 quo
1279 2871 1403 2958 aliquid

280 2985 400 3056 narrat,
418 2979 614 3041 voluntatem
641 2987 748 3040 tamen
765 2974 833 3060 ejus
849 2977 933 3039 hauc
949 2975 1096 3059 explicat,
1119 2996 1217 3060 qaam
1235 2977 1330 3041 etiam
1347 2976 1405 3039 ille

281 3081 335 3165 qui
363 3078 431 3166 ejus
460 3080 560 3145 verba
584 3088 826 3144 commemorat.
855 3079 902 3142 lta
931 3079 1016 3141 enim
1046 3078 1215 3142 salubriter
1236 3077 1403 3158 discimus,

280 3182 360 3245 nibil
374 3182 462 3246 aliud
481 3205 548 3247 esse
573 3180 781 3269 quarendum
807 3202 904 3267 quam
930 3179 1008 3267 quid
1030 3181 1106 3245 velit
1132 3182 1185 3245 ille
1212 3182 1266 3267 qui
1292 3181 1403 3267 loqui-

280 3291 331 3345 iur
347 3282 406 3368 (A).
425 3310 440 3343 n
490 3315 492 3323 .

323 3386 375 3448 15.
410 3384 471 3449 Sed
503 3390 617 3450 instant
643 3385 815 3451 aduersarii
840 3395 870 3450 et
896 3384 1005 3451 dicunt
1020 3408 1032 3452 ,t
1052 3378 1262 3470 Evangelistae
1284 3385 1344 3449 sibi
1367 3387 1401 3449 in

278 3486 424 3571 pluribus
449 3497 559 3573 aperte
580 3488 823 3572 contradicunt3
857 3509 932 3574 ergo
961 3509 1167 3574 nequaquam
1189 3510 1264 3552 vera
1286 3487 1401 3552 haberi

278 3601 408 3676 possunt
420 3594 604 3678 Evangelia.
619 3594 656 3656 lu
668 3592 890 3679 probationem
903 3595 1007 3657 statim
1020 3589 1186 3656 adducunt
1197 3592 1402 3676 genealogias

278 3693 402 3758 Christi.
419 3696 456 3757 In
475 3695 646 3780 evangeliis
664 3694 825 3780 duplicem
843 3696 955 3761 Christi
972 3694 1192 3779 genealogiam
1207 3695 1398 3779 reperimus,

278 3818 416 3882 quarum
432 3799 565 3862 alteram
582 3799 614 3862 S.
635 3800 810 3882 MatthaeuS,
832 3799 967 3864 alteram
988 3797 1020 3861 S.
1039 3799 1140 3861 Lucas
1159 3795 1336 3881 descripsit.
1350 3796 1400 3886 Ita

278 3903 385 3965 autem
402 3902 486 3966 iuter
508 3923 541 3967 se
560 3911 704 3988 pugnant
720 3903 785 3966 ista
804 3901 997 3986 genealogiae
1014 3908 1050 3963 ut
1068 3899 1175 3963 sinna
1198 3896 1398 3978 admittatur,

277 4003 377 4067 altera
395 4006 572 4069 necessario
590 4006 628 4069 sit
645 4003 830 4090 rejicienda.
848 4003 900 4067 Sic
920 4003 1084 4066 Matthaeus
1099 3999 1320 4086 genealogiam
1338 3998 1400 4062 Jo-

277 4106 366 4189 scphi
384 4104 515 4171 deduxit
534 4129 553 4171 a
569 4105 690 4172 Davide
707 4129 765 4193 per
781 4106 984 4180 Salomonem,
1000 4126 1039 4168 ex
1060 4124 1124 4190 quo
1141 4124 1200 4188 per
1215 4101 1398 4190 generatio-

307 4331 343 4397 (t)
358 4332 393 4384 Dc
411 4335 534 4388 consens.
551 4334 616 4386 an.
633 4332 665 4394 u,
678 4331 752 4394 xiil,
767 4330 811 4387 29.
