3142 4964
443 350 518 392 PARS
534 350 556 391 Ι.
573 348 753 391 casurusne
769 348 992 391 PENTATBUOEO.
1097 371 1099 376 -
1244 334 1286 396 47

149 452 297 516 tionibus
310 451 567 513 Brahmanorum
579 446 659 511 fides
670 447 889 530 adhiberetur,
905 446 960 510 sed
973 447 1147 514 doctissimi
1160 452 1286 516 Heeren

153 566 190 621 et
205 554 274 620 Tod
290 552 498 619 ostenderunt
517 551 596 614 nihil
619 551 686 614 fere
704 553 781 615 certi
798 551 847 615 his
868 550 1102 616 narrationibus
1119 556 1284 619 contineri.

153 661 254 723 Putat
266 656 333 721 Tod
344 656 457 741 reponi
470 675 562 739 posse
575 654 699 717 initium
711 652 866 717 Indorum
879 654 911 715 in
924 651 1031 716 medio
1044 656 1159 719 saeculo
1172 678 1287 722 secun·
1375 742 1378 749 ⁴

153 761 202 825 do
219 771 290 845 post
302 759 469 823 diluvium.
489 757 621 820 Multam
640 757 736 820 etiam
752 754 907 820 inereduli
924 753 1150 821 confidentiam
1168 778 1288 843 posue-

153 873 236 925 runt
259 864 290 924 in
313 861 430 925 tabulis
453 861 672 924 astronomicis
693 858 861 941 Indorum,
887 858 944 923 sed
968 878 1079 922 aarum
1103 861 1287 927 tabularum

155 967 380 1051 antiquitatem
397 962 481 1027 docti
498 964 636 1046 amplius
651 983 716 1026 non
735 960 916 1043 admittunt,
933 961 1019 1047 quod
1037 961 1183 1028 adductis
1197 967 1288 1028 testi-

154 1069 275 1132 moniis
292 1066 439 1151 probavit
453 1063 548 1129 Card.
570 1065 737 1128 Wiseman
755 1064 815 1149 (1).

202 1171 255 1232 81.
276 1169 348 1252 otj.
369 1169 402 1230 5⁰
420 1167 575 1231 Fabulam
594 1167 720 1250 sapiunt
742 1188 781 1230 ea
799 1188 871 1252 quse
894 1168 1016 1251 Moyses
1033 1179 1141 1233 namet
1156 1168 1197 1233 de
1216 1190 1287 1234 ser-

153 1282 254 1358 pente
271 1273 439 1335 mulierem
454 1279 606 1350 tentante,
621 1268 662 1333 de
676 1272 820 1354 longaeva
833 1270 1092 1334 Patriurcharum
1106 1273 1182 1355 vita,
1200 1282 1231 1336 et
1245 1272 1287 1337 de

152 1374 291 1437 diluvio.
309 1374 433 1436 Etenim
452 1393 582 1457 serpens
607 1393 670 1435 non
691 1374 832 1458 loquitur
854 1382 886 1436 et
911 1373 1057 1437 homiues
1081 1396 1145 1439 non
1168 1377 1211 1439 ita
1231 1376 1286 1441 diu

151 1480 279 1540 visunt.
298 1476 374 1539 Haec
390 1475 487 1559 igitur
498 1476 636 1559 mythice
654 1484 727 1538 sunt
740 1474 957 1559 intelligenda.

201 1580 254 1642 82.
285 1580 375 1662 Resp.
401 1578 480 1640 Mira
504 1577 635 1662 quidem
658 1579 726 1641 haec
750 1589 838 1660 sunt,
865 1577 939 1654 sed,
965 1598 1065 1663 quum
1090 1602 1109 1643 a
1133 1582 1287 1666 scriptore

151 1680 220 1744 fide
248 1680 432 1765 dignissimo
460 1678 637 1755 tradantur,
669 1679 829 1744 credenda
862 1672 945 1744 sunt.
967 1681 1061 1762 Quod
1082 1682 1220 1766 daemon,
1247 1706 1287 1748 ex

153 1788 315 1872 permissu
331 1788 400 1867 Dei,
419 1795 566 1869 serpente
578 1796 732 1871 tanquam
745 1787 955 1850 instrumento
973 1808 1048 1849 usus
1061 1788 1099 1850 sit
1112 1786 1154 1850 ad
1171 1790 1287 1853 mulie-

152 1909 228 1952 rem
248 1886 444 1969 tentandam,
466 1887 545 1949 nihil
565 1887 759 1971 impossibile
777 1885 921 1951 includit.
943 1887 1165 1953 Narrationem
1189 1911 1287 1975 porro

153 1993 339 2056 tentationis
357 2013 376 2053 a
396 1998 542 2074 serpente
558 1999 589 2053 et
612 1992 719 2074 lapsus
741 1999 1005 2076 protoparentum
1022 1991 1229 2059 confirmatur
1246 2016 1286 2058 ex

151 2097 289 2180 antiqua
304 2093 472 2158 traditione
490 2092 563 2156 libri
590 2095 670 2157 sacri
700 2093 883 2174 Persarum,
899 2115 996 2179 quem
1016 2095 1211 2160 Bandebcscb
1227 2120 1285 2163 ro·

151 2210 242 2263 cant.

8 2330 13 2343 ν
111 2355 117 2361 .
198 2303 253 2364 85.
276 2303 471 2386 Longaevitas
489 2310 598 2363 autem
616 2302 795 2385 primorum
811 2302 980 2365 hominurn
1001 2303 1080 2367 nihil
1097 2302 1286 2368 incredibile

150 2405 266 2485 habet,
285 2405 460 2487 prasertim
483 2405 508 2466 si
533 2401 735 2467 attendamus
759 2425 817 2488 per
834 2401 996 2467 diluvium·
1008 2403 1172 2483 inductam
1189 2407 1286 2470 luisse
1385 2488 1387 2490 v

151 2509 253 2569 aliam
266 2507 349 2568 aeris
361 2506 561 2589 temperiem,
576 2506 673 2568 aliam
687 2505 829 2589 frugum,
845 2505 960 2590 quibus
973 2506 1161 2571 vescebatur
1172 2507 1283 2589 bomo,

152 2619 317 2671 naturam.
338 2609 437 2671 Porro
451 2608 509 2671 ista
522 2608 779 2691 patriarcharum
795 2609 979 2693 longaevitas
991 2610 1086 2673 etiam
1107 2608 1286 2673 affirmatur

153 2716 188 2776 in
206 2710 430 2775 traditionibus
449 2711 655 2795 antiquorum
675 2713 880 2796 populorum.
900 2712 965 2777 Nec
982 2712 1081 2798 fingat
1099 2715 1169 2799 quis
1185 2732 1286 2778 annos

155 2817 230 2878 illos
248 2815 361 2877 nostris
385 2813 480 2876 fuisse
500 2811 637 2897 decuplo
653 2813 826 2895 breviores
844 2835 943 2899 quum
957 2836 996 2878 ex
1011 2817 1080 2900 ipsa
1097 2816 1207 2882 Genesi
1222 2837 1283 2901 pa-

155 2927 223 2981 teat
246 2937 348 2980 annos
368 2917 439 2980 illos
462 2917 576 2980 nostris
600 2915 695 2979 fuisse
715 2918 843 2980 similes.
869 2917 949 2980 Nam
969 2919 1002 2981 in
1022 2919 1152 2982 historia
1173 2917 1284 2982 diluvii

154 3029 307 3084 narratur
337 3017 417 3081 illud
451 3020 615 3104 incoepisse
645 3042 725 3083 uano
754 3023 963 3083 sescentesimo
986 3022 1053 3083 oitoe
1083 3022 1156 3093 Nos,
1184 3040 1286 3085 mense

154 3123 296 3192 secando,
317 3124 442 3204 septimo
466 3123 579 3184 decimo
601 3121 649 3182 die
669 3124 779 3183 assensis
790 3142 804 3199 ;
825 3140 925 3204 aquas
945 3121 1045 3183 minui
1066 3124 1196 3206 coepisse
1213 3133 1287 3206 post

153 3236 273 3286 (eatam
309 3226 530 3311 quinquaqinta
562 3224 624 3286 dies
636 3245 650 3301 ,·
671 3243 780 3286 arcam
805 3224 997 3308 requievisse
1019 3245 1120 3288 mense
1139 3228 1283 3308 septimo,

154 3330 297 3410 aripertum
317 3328 443 3409 septimo
462 3327 510 3388 dia
529 3329 666 3404 mensis5
686 3324 772 3389 unde
791 3326 994 3390 manifestum
1015 3336 1061 3390 est
1077 3348 1202 3392 menses
1220 3329 1281 3392 ha-

153 3431 262 3493 buisse
277 3428 319 3492 ad
336 3430 441 3491 minus
457 3428 498 3490 27
513 3426 597 3508 dies;
612 3429 689 3510 imo,
705 3450 779 3492 curn
793 3451 811 3492 a
825 3428 877 3493 die
890 3431 943 3492 17·
956 3431 1074 3494 mensis
1087 3430 1116 3494 Ψ
1126 3452 1228 3516 usque
1241 3431 1284 3496 ad

154 3532 244 3596 diem
264 3532 342 3593 Ψ
358 3532 475 3595 mensis
495 3530 523 3592 7i
540 3532 639 3615 elapsi
658 3531 776 3595 fuerint
794 3531 859 3594 150
877 3530 958 3613 dies,
976 3534 1136 3617 colligitur
1156 3553 1282 3597 menses
1333 3530 1335 3535 ’

154 3636 227 3698 illos
243 3634 285 3696 50
301 3631 426 3695 dierum
447 3634 498 3696 vel
519 3633 644 3697 circiter
659 3633 766 3696 luisses
786 3631 884 3696 Addit
899 3634 1029 3698 historia
1045 3635 1158 3697 maimo
1171 3654 1281 3707 meam,

126 3760 127 3763 ¹
148 3741 257 3821 prima
276 3735 324 3797 die
342 3739 452 3799 atensis
468 3738 652 3820 apparuisse
670 3736 837 3799 cacumina
860 3737 1015 3799 montium
1030 3761 1039 3817 ;
1069 3737 1282 3821 expectavisse

152 3983 185 4017 en
204 3968 276 4030 depit
295 3968 327 4017 de
342 3974 398 4016 tout
419 3967 443 4017 le
459 3973 558 4028 respect
581 3966 617 4016 du
630 3980 662 4016 au
685 3968 763 4028 grand
778 3966 903 4016 moraltste
919 3967 950 4016 de
972 3964 1087 4025 Portant,
1103 3972 1130 4017 et
1143 3967 1201 4017 bien
1218 3966 1282 4029 qu’it

152 4051 252 4101 decusa
267 4049 361 4099 n'asoir
372 4048 436 4099 ecrit
449 4061 500 4112 que
511 4048 610 4111 d'apres
623 4049 660 4099 tes
676 4048 816 4098 materians
830 4047 887 4111 deit
901 4048 1033 4107 existente,
1045 4047 1166 4111 Klaprotb
1175 4048 1285 4098 n’besite

152 4144 199 4195 pas
210 4132 224 4183 t
237 4131 293 4180 nier
305 4130 451 4181 l'existence
461 4131 494 4182 de
504 4135 577 4180 toute
590 4129 716 4181 certitudo
730 4129 870 4194 mesenque
886 4130 948 4181 dans
960 4129 985 4179 te
998 4127 1222 4192 celeseumpne
1235 4141 1282 4179 an·

152 4214 338 4264 terienrement
354 4212 367 4262 i
383 4212 480 4263 t'annee
492 4211 541 4263 752
552 4219 625 4263 avant
634 4213 813 4264 tuus-Christ.
825 4231 836 4258 ι
848 4210 884 4262 lta
898 4211 1037 4272 Wiseman,
1050 4210 1093 4261 tt.
1110 4212 1154 4262 cit.
1167 4212 1228 4262 disc.
1244 4213 1278 4261 7‘.

152 4293 364 4358 tmnfflmq

186 4377 222 4439 (s)
236 4376 289 4427 aa.
304 4377 349 4424 aa.
362 4375 424 4425 nse.
439 4376 474 4437 re,
486 4383 506 4424 ι.
519 4374 549 4436 n,
564 4376 681 4438 asses.
698 4400 701 4405 -
