3166 4958
284 304 347 368 252
498 327 698 371 rnrnooucrro
721 329 869 373 arrosus
890 314 923 371 rh
946 328 979 371 s.·
997 301 1199 370 scmrroanul

282 434 413 489 conatus
424 429 478 489 'est
494 426 669 510 Manhaeus,
684 449 749 492 non
762 439 894 493 conatus
908 436 955 491 est
970 427 1108 507 Marcus,
1126 448 1190 490 non
1211 438 1343 494 conatus
1364 441 1418 495 est

280 526 432 610 loannes,
450 549 515 591 non
530 540 663 593 conatus
677 540 723 594 est
739 533 840 596 Lucas
865 555 872 594 ε
898 529 953 594 sed
971 528 1214 614 divinoSpiritu
1229 531 1431 598 ubertatem

281 625 439 692 dictorum
463 651 636 717 rerumque
660 635 804 698 omnium
828 635 1039 715 ministrante,
1063 632 1130 695 sine
1155 633 1221 696 ullo
1244 634 1416 701 molimine

281 741 384 816 coepta
400 733 612 817 complerunt.
631 761 647 795 n
663 759 678 795 «
693 737 806 820 Lucas,
822 737 925 823 inquit
936 734 1091 799 Eusebius
1104 733 1164 819 (l),
1182 735 1298 824 inipso
1307 738 1418 803 Evan-

280 834 354 916 gelii
380 835 428 898 sui
456 834 586 900 exordio
603 858 674 922 quae
695 837 938 903 scribendisibi
963 858 1058 902 causa
1081 846 1162 900 essct
1180 841 1334 922 exposuit.
1357 841 1416 913 Ait

280 936 368 998 enim
377 937 499 1001 multos
511 947 630 1001 temere
645 948 743 1024 atque
756 939 976 1026 imprudenter
993 958 1160 1023 aggressos
1175 938 1270 1003 fuisse
1291 961 1415 1004 narra-

280 1040 399 1104 tionem
418 1062 529 1105 earum
547 1063 750 1128 rerumquae
766 1045 833 1128 ipse
850 1044 1030 1128 exploratas
1049 1040 1183 1105 haberet
1199 1065 1207 1104 ε
1221 1064 1260 1106 ac
1273 1042 1414 1122 proinde

280 1164 315 1206 se
330 1144 516 1208 necessitate
535 1142 724 1227 adductum,
740 1156 776 1210 ut
788 1168 846 1210 nos
861 1146 904 1209 ab
921 1145 1050 1209 incertis
1066 1144 1269 1228 opinionibus
1286 1138 1414 1210 libera-

279 1255 340 1327 ret,
370 1247 578 1310 certissimam
607 1269 645 1311 ac
666 1246 884 1321 fidelissimam
909 1248 1125 1312 narrationem
1150 1236 1411 1334 rerumrerum,

280 1368 418 1432 quarum
433 1350 500 1433 ipse
516 1348 813 1434 veritatempartim
826 1373 864 1414 ex
878 1350 970 1415 Pauli
981 1347 1211 1432 *contubernio,
1235 1350 1350 1434 partim
1369 1373 1413 1415 ex

279 1450 479 1535 reliquorum
501 1450 727 1536 Apostolorum
755 1452 955 1518 sermonibus
974 1453 1137 1535 hauserat,
1158 1453 1329 1538 Evangelio
1348 1476 1413 1523 suo
1482 1462 1487 1466 “

277 1550 486 1619 tradidisse...

324 1657 358 1719 9.
375 1658 496 1721 Fontes.
512 1657 637 1741 Fontes,
653 1659 821 1746 exquibus
837 1660 869 1723 S.
890 1660 992 1724 Lucas
1006 1659 1172 1723 historiam
1190 1659 1304 1724 Christi
1320 1662 1412 1725 hau-

280 1760 367 1841 serit,
380 1757 445 1823 duo
459 1761 613 1844 assignari
625 1772 768 1846 possunt.
786 1760 990 1826 Ostendimus
1002 1782 1096 1847 supra
1114 1762 1206 1825 anae
1222 1773 1297 1826 nota
1310 1764 1409 1827 fuisse

279 1862 416 1926 Matthaei
437 1873 468 1926 et
486 1865 585 1928 Marci
608 1866 929 1950 Evangelia,e1hoc
954 1866 1050 1950 igitur
1067 1864 1154 1928 sonte
1174 1854 1410 1951 deprompserit

279 1965 380 2028 multa
395 1965 449 2029 illa
467 1986 538 2052 qua
554 1969 737 2031 communia
756 1967 856 2032 hebet
879 1988 953 2032 cum
977 1967 1124 2031 Matthaeo
1149 1976 1181 2030 et
1198 1968 1317 2051 Marco,
1335 1989 1409 2054 quae

278 2068 465 2153 ceteroquin
480 2066 593 2131 iisdem
612 2069 681 2133 lere
696 2069 805 2134 verbis
822 2092 841 2132 a
858 2071 942 2133 Luce
961 2069 1156 2133 referuntur.
1177 2067 1239 2132 Sed
1259 2079 1306 2134 est
1321 2092 1406 2155 prae-

278 2179 366 2233 terea
381 2169 462 2233 alius
475 2170 561 2253 fons,
574 2190 692 2256 nempe
710 2169 892 2256 praedicatio
909 2170 1012 2253 Pauli,
1031 2190 1129 2256 quem
1149 2166 1206 2233 diu
1221 2181 1347 2235 secutus
1361 2182 1407 2236 est
1427 2250 1430 2255 Ι

223 2310 226 2315 -
278 2271 312 2335 S.
334 2269 447 2337 Lucas.
470 2272 543 2337 Hoc
563 2272 717 2338 indirecte
742 2276 892 2338 asseritur
919 2296 938 2337 a
965 2272 1162 2351 Tertulliano
1191 2272 1253 2359 (2),
1276 2273 1407 2360 quaudo
1486 2276 1494 2287 '

278 2372 356 2438 dicit
371 2396 378 2435 :
396 2398 410 2433 t
429 2375 521 2438 Lucae
535 2375 697 2460 Digestnm
712 2377 812 2440 Paulo
828 2374 979 2440 adscribi.
998 2402 1013 2437 »
1028 2375 1178 2461 Synopsis
1190 2376 1406 2441 Athanasiana

280 2473 395 2539 eodem
416 2497 510 2539 sensu
535 2477 579 2541 ait
606 2500 661 2540 :a
682 2480 891 2563 Evangelium
911 2477 1091 2543 secundum
1111 2479 1230 2543 Lucam
1252 2477 1406 2543 dictatum

280 2574 412 2663 quidem
428 2587 473 2641 est
498 2576 542 2642 ab
557 2578 711 2665 Apostolo
730 2581 843 2664 Paulo,
862 2582 1078 2666 conscriptum
1096 2601 1174 2644 vero
1192 2589 1222 2644 et
1242 2580 1362 2645 editum
1386 2604 1405 2645 a

280 2682 405 2743 Lucam
420 2681 466 2743 Ex
478 2683 634 2765 prooemio
647 2683 739 2747 Luca
753 2685 850 2747 etiam
863 2683 1024 2769 colligitur
1033 2683 1268 2767 Evangelistam
1281 2682 1323 2747 ab
1335 2682 1406 2746 aliis

279 2781 441 2867 Apostolis
457 2782 506 2869 (b)
528 2783 688 2848 eruditum
712 2785 808 2849 luisse
832 2808 840 2848 z
865 2786 949 2850 Sicut
973 2785 1162 2849 tradiderant
1184 2784 1268 2849 nobis
1285 2787 1346 2872 'qur'
1365 2784 1403 2847 ab

279 2888 366 2949 initio
379 2888 441 2972 ipsi
457 2886 595 2950 uiderunt
606 2898 634 2949 et
651 2890 786 2952 ministri
797 2889 923 2974 {norom
940 2890 1099 2952 santonis.
1116 2887 1172 2951 llis
1190 2889 1277 2951 enim
1295 2883 1402 2961 verbis
1522 2947 1526 2953 .

278 2987 486 3074 designantur
498 2988 544 3053 illi
557 2988 714 3075 Apostoli,
727 3000 762 3054 ut
780 2991 903 3078 Petrus,
918 2989 1059 3055 lacobus
1077 2989 1139 3075 (4),
1152 2990 1403 3074 Matthaeus,*qui
1418 3008 1422 3021 ·

278 3091 321 3156 ab
338 3092 429 3155 initio
445 3092 582 3156 vellere
601 3092 644 3157 ab
658 3094 749 3158 initio
760 3095 895 3158 vocatia
914 3093 1049 3174 Christo,
1065 3091 1108 3155 ah
1121 3092 1211 3156 initio
1230 3094 1289 3177 ipsi
1308 3090 1422 3157 ride-''

278 3204 353 3259 runt
366 3205 397 3259 et
407 3197 576 3281 Evangelii
592 3196 818 3282 predicatores
831 3198 971 3261 luerunt.
989 3196 1023 3259 S.
1040 3196 1170 3278 Paulus,
1187 3197 1243 3282 qui
1263 3217 1327 3261 uon
1343 3196 1406 3259 fuit

278 3298 338 3360 nisi
360 3309 430 3384 post
444 3299 594 3385 ¹reliquos
618 3294 770 3382 vocatus,
786 3301 948 3364 numerari
966 3299 1077 3384 nequit
1100 3298 1182 3362 inter
1205 3320 1258 3363 coa
1283 3299 1338 3384 qui
1360 3297 1405 3361 ab
1468 3346 1476 3364 ,

278 3398 366 3463 initio
383 3419 457 3464 cum
473 3399 596 3465 Christo
617 3402 760 3469 luerunt.
1480 3438 1484 3443 ·

65 3546 104 3589 μ
122 3506 201 3619 ..15³3
322 3484 500 3595 tollantur
517 3499 623 3569 relatio
644 3506 684 3568 od
698 3506 873 3579 Mottbaeom
905 3517 932 3568 et
958 3507 1108 3568 Marcum.
1158 3503 1227 3567 lura
1250 3503 1348 3566 refert
1366 3503 1420 3571 S.'·

277 3608 379 3670 Lucas
398 3605 511 3671 Christi
531 3605 615 3670 dicta
646 3616 742 3694 atquc
768 3618 854 3694 gesta
888 3629 958 3693 quae
986 3604 1064 3671 iisde
1119 3605 1170 3668 vel
1200 3606 1267 3669 fero
1288 3601 1404 3668 iisdem
1485 3596 1487 3601 ’

277 3707 385 3771 verbis
408 3728 427 3771 a
450 3707 598 3771 Matthaeo
613 3717 645 3771 et
667 3710 775 3773 Marco
799 3711 984 3773 recitantur.
1000 3708 1049 3773 ΑΓ
1084 3750 1092 3783 ‚
1116 3707 1278 3771 ommunia
1303 3703 1408 3769 babet

178 3989 186 4009 ,
275 3959 278 3966 ·
309 3941 346 4007 (Ι)
357 3940 424 3992 rtur.
437 3940 507 3992 Ecch
527 3941 571 4003 ΙΙΙ,
584 3941 626 3993 ΙΙ.

309 4020 347 4085 (Ξ)
361 4021 473 4073 navers.
486 4021 617 4073 Marcion.
632 4021 673 4083 ΙΙ,
688 4023 713 4073 5.

308 4105 344 4167 (3)
354 4100 464 4154 lreuaeus
474 4104 584 4166 (Conna
592 4106 657 4169 trer.
668 4103 712 4165 ut,
727 4102 767 4167 to)
780 4110 851 4155 votat
862 4106 956 4157 Lucum
966 4110 1119 4156 senatorem
1127 4110 1152 4156 rt
1162 4104 1319 4170 decipulum
1331 4103 1408 4167 Apo-

272 4185 408 4236 stolorum.
421 4185 475 4236 clr.
491 4186 586 4238 Buseb.
600 4187 669 4238 illst
680 4187 751 4238 Eccl.
768 4185 811 4246 ΙΙΙ,
824 4187 877 4237 let
887 4187 928 4251 “lh
945 4188 1058 4248 theron,
1073 4187 1109 4239 lle
1124 4188 1176 4238 vir.
1189 4188 1226 4238 ut.
1241 4189 1266 4237 7.

306 4264 342 4330 (Ι)
357 4268 414 4316 Act.
433 4265 497 4326 xxi,
518 4267 550 4318 ta
567 4267 678 4319 retertur
693 4262 800 4318 Paulum
817 4280 877 4320 curn
894 4270 1038 4321 advenisset
1054 4270 1082 4319 iu
1097 4270 1248 4329 Jerusalem,
1264 4266 1404 4317 amisse
1439 4303 1442 4309 ‚

274 4360 332 4398 eum
346 4347 451 4399 Lucret
463 4349 520 4399 altis
532 4350 669 4401 comitibus
678 4351 710 4402 ad
721 4350 853 4406 nohum.

1459 4492 1462 4496 ·
1568 4446 1573 4577 l
