3142 4964
501 326 576 367 raas
592 324 615 367 ι.
635 324 729 365 eaeor
742 325 765 366 r.
780 324 819 364 un
831 322 1053 366 narrarentur.
1296 307 1338 371 49

232 425 455 492 bservandum
472 432 626 509 praeterea
637 433 684 486 est
702 443 766 491 non
779 419 889 485 deesse
901 422 1138 506 scripturarum
1151 423 1339 509 interpretes
1375 441 1425 495 ng,
1457 427 1477 502 l
1482 416 1493 498 l
1514 486 1523 511 ,

198 533 263 631 qui
276 529 416 594 doceant
427 527 584 591 diluvium
597 548 662 590 non
673 523 715 589 ad
726 524 891 588 universas
902 525 1033 588 omnino
1043 533 1144 629 terras
1155 524 1212 589 sed
1222 528 1339 592 solum-

202 633 306 697 modo
329 631 372 696 ad
396 632 580 695 universum
602 629 714 692 orbem
736 626 779 691 ab
793 628 923 691 homine
939 627 1151 691 inhabitatum
1174 650 1207 692 se
1224 639 1339 694 exten-

203 733 292 798 disse
308 733 455 818 adeoque
468 754 506 796 ea
519 731 685 795 dumtaxat
697 729 848 793 animalia
863 750 934 814 qua
946 731 978 791 in
992 729 1175 813 regionibus
1190 741 1281 794 erant
1295 731 1339 796 ab

205 836 289 899 Adae
302 836 437 921 posteris
450 834 613 918 occupatis
624 842 656 896 ot
672 832 885 917 coinquinatis
900 852 973 894 cum
993 830 1176 896 hominibus
1193 834 1337 917 periisse.

207 940 283 1019 Qua
297 934 435 1003 admissa
454 935 620 1017 sententia,
643 944 836 999 evanescunt
860 954 971 997 omnes
993 932 1233 998 incredulorum
1251 935 1338 1000 diffi-

207 1026 366 1206 cultatesg

255 1146 309 1207 86.
368 1139 584 1206 bservandum
604 1138 744 1224 denique
765 1149 810 1202 cst
830 1140 994 1203 scientiam
1017 1140 1229 1224 geologicam,
1248 1151 1339 1225 post·

206 1267 311 1331 quam
326 1245 509 1309 successivis
524 1242 647 1313 vicibus
668 1244 795 1327 negavit
811 1251 842 1305 et
857 1242 1027 1314 affirmavit
1044 1240 1201 1307 diluvium
1217 1245 1339 1309 mosai-

94 1344 98 1350 ’
207 1371 287 1414 oum
305 1360 337 1413 et
351 1352 432 1412 inter
448 1345 589 1411 diversas
601 1345 717 1410 dehac
730 1367 765 1410 re
779 1347 945 1430 opiniones
958 1346 1135 1428 fluctuavit,
1149 1348 1180 1411 in
1193 1351 1339 1433 presenti

207 1475 269 1516 suo
293 1462 375 1516 statu
398 1449 616 1537 nequidquam
642 1449 772 1512 omnino
791 1450 866 1512 certi
886 1471 945 1534 pro
965 1450 1016 1512 vel
1034 1459 1143 1514 contra
1166 1450 1337 1515 affirmare.
1370 1474 1375 1482 ·

207 1553 410 1617 Traditiones
426 1564 533 1618 antem
547 1552 691 1614 omnium
707 1550 913 1634 populorum,
932 1547 1167 1633 Chaldaorum,
1181 1551 1340 1617 Armeno-

206 1679 298 1738 rum,
312 1658 477 1742 Syrorum,
491 1654 740 1725 Pboeniciorum,
757 1653 953 1733 Graeoorum,
969 1651 1137 1737 Indorum,
1154 1655 1338 1736 Persarum,

205 1760 404 1838 Sinensium,
425 1757 704 1837 Americanorum,
728 1764 760 1817 et
777 1755 948 1839 Nigrorum
963 1755 1080 1819 Africa
1096 1758 1242 1821 australis
1261 1779 1341 1843 quas

205 1862 311 1925 refert
342 1857 543 1944 bivingstone
555 1906 564 1940 ‚
591 1858 786 1921 mentionem
809 1866 841 1920 et
866 1859 1080 1921 narrationem
1103 1860 1174 1942 plus
1197 1860 1342 1923 minusve

205 1963 355 2027 vitiatam
371 1962 519 2045 ingerunt
535 1958 672 2043 alicujus
684 1956 795 2022 diluvii
813 1958 1030 2022 universalisa
1049 1981 1113 2044 quo
1129 1962 1224 2045 pauci
1236 1962 1342 2025 homi-

207 2088 269 2130 nes
285 2066 399 2129 servati
421 2065 540 2128 fuerint
561 2061 621 2147 (l).

256 2171 310 2232 87.
335 2167 408 2251 obj.
441 2168 484 2230 7⁰.
507 2165 741 2229 Pentateuehus
763 2165 865 2228 multa
889 2175 998 2228 narrat
1020 2167 1203 2247 miracula,
1229 2166 1341 2253 decem

208 2275 326 2357 plagas
349 2271 562 2355 AEgyptiacas,
589 2267 755 2331 transitum
779 2268 877 2330 maris
900 2266 1023 2350 Rubri,
1048 2269 1342 2332 abaiamontem

210 2373 347 2438 scientia
367 2371 475 2434 critica
499 2392 535 2433 ea
559 2368 728 2432 admittere
752 2369 885 2454 nequit:
911 2368 1069 2454 siquidem
1095 2371 1261 2457 hucusque
1284 2371 1343 2455 ipsi

215 2498 284 2540 non
294 2474 485 2538 sufficienter
494 2480 738 2535 constatvcrum
749 2471 881 2557 aliquod
890 2472 1081 2536 miraculum
1094 2494 1238 2558 unquam
1247 2474 1344 2539 luisse

213 2586 392 2663 patratum.
413 2576 537 2638 Etenim
560 2573 715 2637 miracula
738 2582 811 2636 sunt
835 2573 919 2637 lacta
943 2576 1209 2659 supernaturalia,
1229 2577 1345 2640 limites

214 2684 369 2745 humanae
392 2678 522 2741 rationis
555 2673 762 2756 excedentia,
800 2697 871 2761 quae
894 2674 1015 2740 idcirco
1037 2678 1081 2741 ab
1103 2679 1234 2742 homine
1258 2689 1345 2744 certo

215 2782 368 2867 cognosci
382 2802 446 2844 non
458 2789 600 2865 possunt.
616 2779 693 2859 Quae
710 2779 805 2863 igitur
820 2780 853 2842 in
867 2780 972 2843 Exodo
984 2782 1159 2863 praesertim
1175 2792 1347 2846 narrantur

213 2895 378 2974 portenta,
393 2907 431 2949 aa
446 2884 585 2948 adfecta
599 2884 738 2968 mythice
750 2905 805 2946 seu
822 2883 969 2946 fabulosa
981 2886 1159 2948 necessario
1174 2886 1345 2951 referenda

214 2998 303 3069 sunt,
334 3007 405 3071 quae
433 2986 548 3070 partim
569 2985 755 3048 naturaliter
777 2985 929 3067 explicari
952 2995 1104 3068 possunt,
1126 2987 1242 3070 partim
1266 2987 1346 3051 fictis

214 3091 462 3157 circumstantiis
475 3087 585 3152 induta
598 3097 682 3151 sunt.
696 3088 748 3151 Sic
759 3085 872 3150 decem
883 3087 985 3171 plagae
997 3088 1187 3171 AEgyptiacoe
1198 3109 1262 3151 non
1275 3098 1348 3152 sunt

214 3194 278 3257 nisi
303 3192 475 3256 mortiferae
496 3192 559 3253 illae
583 3191 709 3275 plage,
732 3190 764 3251 in
784 3190 845 3253 hae
867 3188 996 3272 regione
1020 3181 1226 3272 communes,
1251 3192 1347 3274 pestis

214 3298 352 3378 scilicet,
366 3296 470 3359 morbi
484 3294 635 3379 epidemi,
652 3303 864 3378 tempestates,
878 3295 996 3358 insecta
1010 3295 1118 3358 omnia
1131 3294 1344 3378 corrodentis,

214 3421 292 3485 quae
310 3398 389 3462 fictis
409 3399 650 3480 circumstantiis
667 3407 824 3460 exomatae
841 3406 914 3460 sunt
930 3407 962 3460 et
975 3398 1136 3481 pratensis
1155 3399 1347 3462 incantatio·
1414 3432 1420 3439 ·

214 3502 315 3568 nibus
331 3502 530 3564 intermixtae.
549 3501 710 3564 Transitus
725 3508 832 3564 antem
847 3500 945 3563 maris
964 3499 1067 3563 Rubri
1085 3502 1271 3565 naturaliter
1288 3523 1347 3565 ex-

214 3607 359 3691 plicatur
372 3625 430 3688 per
447 3605 568 3667 fluxum
582 3613 612 3666 et
627 3602 785 3666 refluxum
806 3623 963 3687 aquarum
978 3626 987 3684 3
1009 3624 1098 3666 mare
1116 3604 1201 3666 enim
1216 3603 1347 3668 effluens

216 3717 251 3771 et
286 3705 425 3767 refluens
460 3705 627 3767 transitum
655 3704 833 3787 permiserit
856 3701 999 3765 Hebraeis
1023 3723 1161 3788 eumque
1185 3707 1348 3788 negaverit

215 3800 386 3894 AEgyptiis.
405 3809 452 3870 lta
473 3807 689 3871 Rationalistae
706 3815 737 3869 et
752 3806 881 3891 plurimi
899 3804 1083 3869 Judaeorum
1099 3808 1302 3870 recentiores.

265 3913 320 3975 88.
346 3913 436 3994 Resp.
466 3911 536 3973 Non
561 3930 715 3994 negamus
737 3909 989 3973 Pentateucbum
1021 3910 1176 3973 miracula
1209 3900 1348 3994 plurima

217 4035 367 4097 narrare,
383 4014 447 4077 imo
460 4014 522 4076 hoc
534 4012 727 4076 adstruimus
736 4036 747 4095 3
763 4010 819 4075 sed
835 4010 1056 4075 contendimus
1072 4034 1110 4075 ea
1126 4034 1145 4075 a
1161 4013 1291 4076 scientia
1303 4015 1348 4078 sic

218 4119 308 4183 dicta
321 4118 431 4181 critica
444 4117 602 4181 immerito
618 4137 748 4201 prorsus
763 4115 864 4200 rejici.
881 4116 1032 4179 Miracula
1045 4114 1187 4201 quidem,
1206 4117 1238 4180 in
1252 4138 1347 4181 causa

256 4351 292 4413 (lt
303 4349 355 4400 Cir.
367 4350 495 4410 lambert,
508 4350 541 4401 La
550 4350 642 4414 delupa
650 4357 791 4413 meruique.
801 4348 881 4410 Paris,
896 4349 967 4399 1870.

1447 352 1540 441 »τί

1434 504 1494 531 μ·-
