3166 4958
311 316 386 359 PARS
406 315 428 357 1.
448 308 542 357 CAPUT
556 310 642 358 ΗΠ.
658 314 696 356 DE
711 313 862 356 nuonnctn
877 312 1040 356 rnornnrts
1056 315 1230 359 mnonnsus.
1278 290 1345 361 187

205 418 281 481 tiat.
295 415 515 499 Adimpletum
527 415 586 478 luit
598 414 682 478 istud
694 414 878 479 vaticinium
891 435 950 498 per
962 412 1208 479 destructionem
1221 416 1340 480 NinIvis

205 542 272 605 per
293 520 467 606 Cyaxarcm
487 527 519 581 ct
538 517 785 603 Nahopolassar,
812 538 876 602 quo
896 525 1041 602 tempore
1058 518 1160 582 Josias
1177 520 1211 582 in
1230 518 1338 583 Judaa

204 621 379 706 regnabat.
399 620 470 682 Fuit
487 628 594 684 autem
618 620 744 684 Nahum
765 627 855 703 patre
878 620 928 683 vel
949 621 1052 703 patria
1074 621 1230 687 Eleesaeus
1247 620 1340 707 juxta

205 724 388 808 prophetice
404 722 644 807 inscriptionem
660 745 668 785 ε
687 721 775 785 Liber
792 724 917 785 visionis
931 722 1053 785 Nahum
1066 722 1202 788 Elcesoei.
1224 748 1238 782 u
1257 724 1340 805 Qui-

205 823 289 888 dam
308 833 432 910 putant,
447 824 550 909 inquit
565 824 790 909 Hieronymus,
808 824 981 886 Elcesaeum
994 832 1118 908 patrem
1132 845 1199 889 esse
1211 826 1338 890 Nahum

168 965 176 973 ·
205 938 244 992 et
275 926 451 993 secundum
476 926 639 991 hebraeam
664 926 868 991 traditionem
890 928 986 991 etiam
1009 928 1113 1013 ipsum
1142 930 1337 1017 Prophetam

205 1031 308 1094 fuisse
326 1052 334 1093 z
352 1050 424 1093 cum
441 1030 543 1094 Elcesi
563 1052 665 1115 usque
689 1029 785 1094 hodie
808 1031 841 1093 iu
861 1028 992 1094 Galilaea
1006 1030 1129 1095 viculus
1145 1033 1194 1114 sit,
1219 1054 1337 1119 parvus

204 1132 341 1218 quidem
366 1142 397 1196 et
420 1133 473 1195 vix
497 1133 597 1196 ruinis
620 1141 764 1196 veterum
791 1130 997 1196 edificiorum
1024 1131 1168 1198 indicans
1189 1135 1333 1220 vestigia,

202 1234 265 1299 sed
291 1244 396 1299 tamen
429 1214 521 1299 nolus
549 1233 679 1318 Judaeis,
705 1244 736 1298 et
762 1234 841 1297 mihi
869 1255 998 1321 quoque
1027 1257 1047 1298 a
1077 1236 1336 1301 circumducente

200 1347 413 1403 monstratus.
442 1365 456 1399 »
482 1338 630 1419 Quonam
666 1348 811 1422 tempore
837 1338 964 1402 Nahum
999 1339 1238 1424 prophetaverit
1271 1362 1335 1404 non

200 1441 320 1526 liquet.
353 1438 511 1525 Josephus
536 1440 585 1526 (1)
602 1439 698 1504 tradit
720 1460 795 1502 eum
817 1439 1043 1524 pronuntiasse
1067 1442 1192 1505 ruinam
1215 1442 1335 1507 Ninivis

199 1543 300 1607 annis
328 1551 455 1606 centum
479 1551 511 1605 et
534 1540 719 1628 quindecim
743 1551 916 1629 antequam
939 1544 1090 1626 evenerit,
1109 1542 1255 1631 adeoque
1274 1545 1335 1609 suh

200 1646 327 1711 Achae.
360 1646 393 1710 S.
423 1645 636 1732 Hieronymus
660 1655 767 1710 autem
795 1646 921 1710 Nahum
944 1644 1005 1710 suh
1029 1646 1162 1712 Ezechia
1184 1650 1331 1734 reponit;

196 1749 334 1815 traditio
353 1772 430 1815 vero
448 1748 659 1815 Hehraeorum
680 1749 739 1814 suh
756 1750 911 1815 Manassc.

660 1984 692 2046 8.
721 1982 873 2047 Hahacuc.

244 2213 299 2301 24.
323 2211 476 2276 Hahacuc
505 2210 651 2311 (propp),
680 2231 782 2298 graece
806 2206 989 2295 Αμὸακουμ,
1022 2211 1167 2295 proxime
1190 2209 1333 2296 sequitur

192 2328 340 2393 Nahum.
359 2329 454 2393 Putat
469 2331 501 2394 S.
522 2314 745 2418 Hieronymus,
763 2338 860 2417 quem
877 2338 1054 2416 sequuntur
1070 2330 1227 2412 nonnulli,
1244 2329 1331 2392 hunc

193 2432 396 2515 Prophetam
420 2432 570 2497 eumdem
601 2456 669 2498 csse
692 2455 765 2499 cum
790 2432 945 2497 Hahacuc
969 2431 1042 2496 lihri
1072 2433 1211 2495 Danielis
1233 2442 1331 2516 atque

194 2533 323 2599 idcirco
340 2535 546 2600 vatieInatum
567 2558 633 2601 csse
654 2547 798 2621 tempore
821 2535 1010 2620 captIvitatis
1031 2534 1244 2620 Babylonica.
1267 2535 1330 2599 Alii

193 2658 280 2701 vero
297 2647 464 2702 autumant
482 2637 625 2704 diversos
645 2661 712 2703 csse
732 2640 920 2723 Prophetas,
938 2647 1034 2723 atque
1053 2636 1219 2720 Hahacuc,
1239 2636 1330 2722 cujus

194 2737 352 2802 vaticinia
367 2739 537 2824 habemns,
553 2741 666 2805 vixisse
678 2739 730 2803 vel
746 2739 805 2804 suh
821 2741 965 2804 Manassc
979 2740 1032 2803 vel
1043 2738 1104 2802 sub
1118 2739 1216 2802 Josia.
1236 2738 1330 2803 Cote-

196 2860 276 2904 rum
295 2838 414 2906 dehac
437 2864 473 2905 re
498 2843 577 2906 nihil
597 2844 673 2907 certi
691 2841 860 2906 hahemus.
886 2839 1033 2906 Praedicit
1051 2850 1158 2904 autem
1176 2840 1331 2905 Hahacuc

195 2941 385 3007 Judaeorum
410 2944 539 3008 exitium
563 2966 620 3030 per
650 2942 814 3009 chaldeos
843 2942 1070 3026 inserendum,
1107 2940 1329 3007 Chaldaeorum

197 3046 400 3131 punitionem
421 3058 452 3111 et
475 3046 633 3113 excidium
658 3047 841 3133 Babylonis.
861 3047 1025 3111 Invehitur
1040 3044 1156 3109 deinde
1177 3045 1329 3121 adversus

198 3149 386 3214 ambitiosos
399 3160 430 3214 et
443 3149 627 3216 idololatras
637 3162 668 3216 et
680 3150 808 3215 sublimi
822 3150 945 3213 cantico
959 3150 991 3211 iu
1001 3148 1191 3212 memoriam
1200 3157 1329 3212 revocat

197 3252 362 3317 mirabilia
379 3275 399 3318 a
414 3255 472 3318 Dei
488 3255 629 3340 potentia
643 3263 740 3340 atque
756 3249 975 3317 misericordia
993 3260 1117 3337 patrata
1134 3272 1328 3336 omnemque
1412 3290 1414 3294 »

199 3376 294 3419 suam
311 3376 401 3440 spem
419 3357 451 3420 in
466 3357 533 3421 Deo
552 3358 710 3421 salvatore
730 3377 786 3420 suo
812 3356 948 3440 reponit.
972 3355 1152 3440 Prophetiae
1175 3350 1329 3418 Ilahaeuc

199 3459 399 3540 mentionem
411 3460 487 3524 lecit
498 3461 617 3525 Paulus
629 3461 660 3523 iu
674 3450 818 3523 oratione
830 3456 874 3522 ad
882 3456 1193 3522 ludaeoshntiochiae
1205 3456 1329 3522 PIsIdire

199 3561 290 3624 hisce
306 3560 412 3624 verbis
429 3561 512 3647 (Act.
537 3564 625 3647 XIII,
650 3561 706 3648 ll)
730 3584 738 3624 ι
760 3561 866 3625 Videte
883 3581 952 3644 erqo
974 3582 1012 3622 ne
1034 3563 1225 3645 superveniet
1249 3559 1329 3624 vohis

200 3663 284 3749 qnod
300 3664 411 3727 dictam
435 3676 477 3729 est
494 3668 528 3728 ia
543 3665 732 3750 Prophetis:
752 3664 785 3734 l!
782 3663 868 3734 idolo,
887 3673 1121 3746 comtemptores,
1142 3675 1169 3725 et
1188 3663 1328 3725 adrnira-

198 3766 282 3828 ms'ni
293 3775 320 3828 et
336 3750 550 3850 disperdimini
565 3791 575 3831 :
591 3770 664 3853 qnia
681 3787 756 3850 opas
772 3783 880 3848 operor
896 3784 947 3848 epo
964 3766 997 3826 in
1009 3762 1111 3827 diebus
1125 3767 1238 3836 uestris,
1253 3783 1327 3847 opus

198 3866 284 3953 qnod
299 3888 360 3929 non
375 3869 509 3943 credetis,
526 3872 555 3933 si
570 3871 637 3953 quis
653 3867 825 3931 narraverit
841 3861 922 3927 vohis
940 3863 1068 3949 (Halos.
1083 3864 1109 3945 I,
1129 3862 1174 3948 li).

233 4085 271 4149 (t)
282 4083 389 4150 Antiqq.
404 4084 445 4149 tx,
459 4086 484 4137 I.
