3166 4958
283 279 358 322 rans
372 279 407 322 ιι.
421 276 514 319 assur
528 275 575 318 111.
595 275 633 316 nn
645 273 768 317 onromn
780 275 816 317 ar
827 273 986 317 sacrorn.
1001 275 1044 318 rr.
1059 274 1188 318 eulaeo.
1237 254 1299 317 265

176 376 356 462 reperietur
368 385 399 440 et
415 374 443 439 ei
462 371 674 459 praejudicans
689 372 896 454 vitiationem,
915 370 1002 457 quod
1019 373 1174 458 posterius
1188 376 1298 437 revin-

176 477 291 543 cetur?
308 479 342 541 in
361 484 518 562 quantum
540 474 625 538 enim
645 473 762 538 falsum
779 475 939 559 corruptio
958 483 1005 538 est
1024 475 1102 556 veri,
1122 475 1154 538 in
1175 483 1299 539 tantum

176 580 338 667 praecedat
356 600 484 644 neeesse
502 587 549 642 est
568 578 683 643 veritas
703 577 831 641 falsum.
851 574 941 641 Adeo
959 578 1118 663 antiquius
1138 578 1299 643 Marcione

174 692 236 765 est,
255 680 341 767 quod
354 691 401 745 est
415 675 591 746 seeundum
608 700 677 760 nos,
693 688 727 742 ut
738 681 803 764 ipse
814 678 862 742 illi
876 681 1011 744 Marcion
1022 679 1187 765 aliquando
1202 682 1299 746 credi·

174 786 265 849 derit.
277 810 292 845 a
304 785 506 848 Demonstrat
518 781 633 846 deinde
647 782 859 846 Tertullianus
871 782 1063 855 Marcionem
1078 803 1116 847 eo
1129 784 1198 869 ipso
1211 784 1299 870 quod

175 883 342 951 contendit
366 907 399 950 se
428 887 461 950 in
484 907 541 950 suo
567 885 731 969 evangelio
754 886 862 969 priora
885 883 1129 968 emendavisse,
1156 887 1298 950 confiteri

175 982 271 1053 suum
285 989 493 1074 Evangelium
510 1008 577 1052 esse
595 1007 726 1070 novum,
741 987 925 1051 Tertulliani
939 1007 1016 1051 vero
1028 987 1200 1072 Evangelia
1212 989 1299 1072 prius

175 1093 341 1156 exstitisse.
704 1144 707 1148 .

221 1193 275 1258 56.
297 1193 442 1278 Denique
455 1192 615 1276 preclaris
631 1191 718 1255 hisce
733 1189 840 1254 verbis
854 1188 1016 1254 concludit
1027 1190 1076 1276 (l)
1091 1213 1099 1253 ε
1121 1216 1135 1249 (ι
1154 1192 1191 1254 Ιιι
1208 1213 1299 1255 sum-

175 1316 243 1378 ma,
262 1296 286 1358 si
303 1303 425 1359 constat
439 1292 470 1358 id
488 1294 594 1358 verius
610 1290 695 1378 quod
712 1287 812 1378 prius,
829 1291 861 1355 id
882 1293 970 1376 prius
987 1291 1075 1378 quod
1090 1292 1133 1356 ab
1147 1294 1247 1376 initio,
1267 1291 1298 1357 id

91 1436 94 1441 ,
174 1399 220 1463 ab
236 1400 324 1463 initio
345 1396 433 1484 quod
455 1395 497 1461 ab
519 1397 689 1481 Apostolis3
714 1396 833 1482 pariter
855 1396 964 1481 utique
988 1395 1156 1478 constabit,
1179 1394 1211 1458 id
1232 1417 1299 1460 esse

176 1502 222 1566 ab
236 1502 395 1586 Apostolis
411 1498 574 1583 traditum,
594 1497 680 1586 quod
698 1496 785 1584 apud
802 1500 950 1563 eeclesias
961 1498 1187 1584 Apostolorum
1204 1500 1300 1563 fuerit

177 1614 427 1670 sacrosanctum.
450 1601 624 1669 Videamus
636 1600 722 1689 quod
738 1604 789 1666 lac
802 1624 821 1666 a
834 1602 934 1666 Paulo
950 1602 1102 1668 Corinthii
1118 1603 1297 1685 hauserint,

176 1705 219 1771 ad
233 1728 332 1793 quam
343 1707 489 1791 regulam
505 1703 606 1771 Galati
620 1705 681 1768 sint
696 1706 840 1788 correcti,
855 1703 932 1789 quid
945 1707 1053 1790 legant
1068 1706 1297 1791 Philippenses,

178 1811 484 1892 Thessalonicenses,
505 1809 644 1894 Ephesii,
659 1805 739 1894 quid
756 1809 852 1871 etiam
872 1810 1009 1873 Romani
1024 1806 1065 1872 de
1081 1810 1227 1893 proximo
1244 1830 1300 1871 so-

178 1923 267 1995 nent,
283 1913 398 1999 quibus
413 1912 622 1997 Evangelium
642 1921 674 1975 et
688 1912 799 1976 Petrus
816 1920 847 1975 et
863 1913 980 1975 Paulus
997 1913 1150 1997 sanguine
1170 1932 1299 1997 quoque

178 2040 236 2082 suo
249 2019 408 2102 signatum
424 2017 633 2102 reliquerunt.
656 2013 820 2078 Habemus
835 2023 867 2078 et
882 2015 1014 2078 Joannis
1029 2015 1174 2078 alumnas
1191 2016 1299 2078 eoele-

178 2121 251 2183 sias.
272 2118 354 2182 Nam
372 2117 428 2181 etsi
447 2116 671 2201 Apocalypsim
694 2113 763 2200 ejus
787 2116 928 2179 Marcion
949 2117 1080 2201 respuit,
1096 2113 1176 2180 ordo
1193 2125 1300 2179 tamen

178 2225 403 2308 episcoporum
415 2218 458 2285 ad
470 2219 625 2304 originem
637 2238 798 2300 recensus,
806 2219 839 2281 in
850 2218 1008 2281 loannem
1017 2216 1111 2280 stabit
1123 2225 1297 2281 auctorem.

177 2327 231 2390 Sic
252 2335 285 2389 et
307 2335 485 2389 ceterarum
505 2322 698 2407 generositas
722 2322 968 2405 recognoscitur.
991 2320 1068 2384 Dico
1086 2321 1192 2406 itaque
1213 2319 1299 2404 apud

179 2430 250 2493 illas
266 2449 327 2494 nee
338 2427 421 2491 solas
431 2425 502 2512 jam
517 2425 718 2510 apostolicas,
735 2422 790 2487 sed
806 2421 893 2508 apud
905 2424 1080 2506 universas,
1094 2443 1165 2508 quae
1180 2422 1242 2486 illis
1260 2420 1300 2484 de

180 2533 331 2597 societate
357 2528 546 2594 sacramenti
573 2524 842 2609 confederantur,
864 2524 898 2589 id
919 2526 1127 2610 Evangelium
1150 2526 1241 2590 Lucae
1259 2524 1302 2587 ab

180 2635 269 2700 initio
295 2631 440 2697 editionis
462 2652 526 2694 suae
548 2639 653 2714 stare,
680 2627 864 2716 quodcum
889 2629 1027 2692 maxime
1050 2638 1188 2692 tuemur.
1214 2628 1301 2690 Mar-

182 2739 282 2803 cionis
298 2757 374 2801 uero
386 2736 547 2820 plerisque
564 2753 622 2798 nee
641 2742 764 2815 notum,
779 2732 874 2796 nullis
889 2753 966 2795 vero
983 2740 1106 2814 notum,
1124 2740 1159 2794 ut
1178 2752 1241 2794 non
1263 2751 1301 2793 eo

181 2839 383 2904 damnatum.
401 2836 507 2901 Habet
519 2836 614 2922 plane
628 2844 660 2899 et
674 2831 754 2898 illud
766 2835 927 2917 ecclesias,
940 2831 997 2896 sed
1009 2853 1093 2916 suas,
1113 2842 1179 2896 tam
1193 2843 1302 2916 poste-

184 2964 236 3007 ras
251 2963 350 3027 quam
364 2938 537 3021 adulteras,
555 2957 691 3024 quarum
707 2938 733 3001 si
753 2957 884 3001 censum
898 2936 1059 3020 respicias,
1080 2935 1204 2999 facilius
1220 2956 1302 3019 apo-

183 3046 331 3110 staticum
339 3043 481 3108 inuenies
492 3062 589 3128 quam
599 3036 987 3125 apostolieum,Mareione
996 3037 1115 3102 scilicet
1125 3034 1300 3120 conditore,

184 3151 236 3216 uel
260 3150 369 3235 aliquo
402 3145 443 3211 de
465 3146 633 3210 Marcionis
656 3145 814 3208 exansine.
839 3142 971 3206 Faciunt
996 3140 1086 3204 favos
1119 3149 1150 3203 et
1174 3159 1301 3224 vespa,

185 3253 308 3316 faciunt
330 3249 478 3315 ecelesias
501 3257 532 3312 et
554 3246 757 3312 Marcionitae.
786 3245 900 3308 Eadem
927 3246 1088 3307 auctoritas
1115 3242 1303 3306 ecclesiaram

184 3353 419 3440 apostolicarum
440 3354 552 3417 caterio
585 3371 702 3435 qaoque
732 3347 971 3433 patrocinabitur
1005 3345 1201 3431 Eeaapeliis,
1237 3367 1303 3429 aaa

185 3456 313 3540 proinde
333 3476 390 3540 per
413 3453 483 3518 illas
505 3463 533 3516 et
554 3451 712 3516 secandam
741 3449 810 3514 illas
839 3448 1002 3524 habemas,
1033 3450 1162 3512 Jaartais
1189 3446 1252 3511 dieo
1277 3459 1304 3509 et

187 3558 332 3631 Matthaei,
347 3557 412 3621 licet
424 3567 452 3620 et
470 3557 589 3619 Marsas
605 3554 685 3638 qaod
699 3553 790 3616 edidit
808 3549 898 3616 Petri
912 3550 1090 3638 affirmetur,
1107 3553 1192 3635 cajus
1207 3554 1305 3613 irater-

184 3682 258 3746 pres
282 3663 400 3724 Maroae
421 3684 431 3722 .·
451 3680 524 3721 auat
547 3670 575 3720 et
601 3659 686 3720 lace
713 3657 869 3740 Dipeotam
890 3654 991 3718 Paalo
1009 3654 1174 3719 adscribere
1195 3654 1302 3717 soleat.

187 3764 249 3830 Vix
272 3760 469 3828 monendum
493 3769 540 3826 est
557 3760 784 3823 Tertullianum
810 3759 981 3844 plusquam
1001 3764 1140 3821 trecenta
1157 3756 1306 3839 Evange-

189 3867 305 3931 liorum
321 3863 415 3929 eflata
432 3865 465 3927 in
485 3863 581 3928 variis
597 3863 661 3926 suis
676 3862 798 3946 seriptis
814 3861 960 3924 recitare.

232 3971 286 4034 57.
315 3968 451 4034 Ctaaaa
473 3966 710 4031 Alexandrinas.
742 3963 863 4029 Eodem
883 3963 952 4026 fere
971 3971 1125 4046 tempore,
1147 3959 1188 4025 ad
1209 3961 1306 4024 finem

190 4073 310 4138 seilicet
329 4071 434 4135 saeculi
457 4071 499 4152 Il,
522 4068 722 4133 Alexandriae
740 4066 875 4132 florebat
894 4067 1038 4131 Clemens
1061 4063 1306 4147 Alexandrinus,

226 4294 261 4357 (t)
273 4292 383 4344 Adsere.
398 4288 537 4351 Marcion„
552 4288 591 4351 lv,
607 4288 631 4340 5.
