3168 4948
237 278 302 341 542
470 295 670 339 rsrnonucrro
688 300 838 344 sauciaris
851 303 883 342 rn
902 301 928 344 s.
945 300 1147 345 scararum.

237 417 310 459 cani
326 404 490 458 exaratam
509 396 617 478 fuisse,
638 399 711 482 quia
733 402 948 483 amanuensis,
963 403 1020 486 qui
1030 402 1120 464 illam
1135 398 1272 482 scripsit,
1291 418 1372 461 voce

238 498 336 561 latina
368 499 485 560 Tertius
512 498 698 564 recabatur.
725 501 788 564 Sed
813 503 881 583 hare
899 525 962 567 uon
986 512 1033 566 est
1057 502 1216 566 sufficiens
1232 500 1312 563 ratio
1336 509 1372 562 ut

239 610 336 670 totam
366 598 569 663 traditionem
589 570 874 696 deseramnsJQee
900 608 1018 670 mirum
1043 614 1091 670 est
1111 605 1249 668 Paulum
1267 623 1371 687 graeee

53 702 69 749 ν’
142 735 149 758 ·
237 701 279 766 ad
303 704 467 766 Romanos
484 705 656 787 scripsisse,
680 729 755 771 nam
773 709 881 792 lingua
899 729 1002 793 graeca
1027 718 1102 772 tune
1127 707 1279 792 temporis
1302 714 1373 769 erat

238 806 393 869 Romanis
411 826 568 890 perquam
590 808 767 874 familiaris
787 812 838 887 Ab
862 812 1116 899 urbeCori‘ntho
1139 812 1225 874 eirea
1246 829 1371 872 anuum

230 908 343 1004 Q
361 908 514 992 scriptam
530 930 598 973 esse
615 912 790 995 Epistolam
809 915 985 999 epigraphe
1004 895 1040 977 'ih
1061 914 1183 998 aliquot
1206 909 1373 975 codicibus

238 1009 418 1074 uncialibus
435 1011 574 1097 subjecta
589 1013 661 1100 jam
680 1014 833 1081 declarat.
855 1016 1079 1100 Confirmatur,
1098 1037 1173 1081 eum
1191 1013 1266 1079 inde
1283 1011 1373 1100 quod

238 1135 258 1176 a
274 1112 337 1176 fine
351 1113 498 1198 Epistola
514 1115 664 1199 leguntur
680 1119 885 1184 salutationes
901 1119 1045 1183 fidelium
1061 1119 1203 1184 Corinthi
1223 1136 1374 1182 comnm-

239 1217 391 1298 ranlium,
412 1218 647 1282 tumeliamex
666 1220 811 1306 eoquod
836 1222 1006 1306 Apostolus
1030 1220 1070 1286 ad
1093 1217 1376 1286 transmittendam·

238 1319 413 1404 Epistolam
441 1342 516 1385 usus
539 1330 587 1384 est
608 1323 783 1388 ministerio
815 1325 975 1409 Phoebes,
1011 1324 1197 1391 diaconissae
1231 1322 1374 1388 ecclesiae

238 1421 478 1485 Cenchreeusis.
496 1423 594 1486 Erant
610 1434 718 1488 autem
736 1425 906 1489 Cenchreae
924 1436 1034 1511 portus
1050 1425 1191 1490 Corinthi
1205 1418 1283 1521 (1)]

524 1639 563 1704 V.
593 1641 637 1702 lle
661 1640 808 1725 Epistolis
833 1643 872 1706 od
895 1639 1084 1707 Corinthios.

116 1818 152 1847 „a

60 1845 61 1857 ¹
163 1858 166 1865 ’
257 1839 315 1949 sl.
343 1860 389 1922 De
411 1857 538 1922 eci-testo
560 1857 762 1924 Corinthiacis
795 1860 985 1943 primordiis.
1015 1860 1208 1943 Corinthus,
1242 1859 1374 1923 Achaiae

222 1962 437 2046 metropolis,
464 1963 497 2024 in
520 1962 639 2026 Isthmo
666 1962 917 2046 Peloponesiaoo
945 1963 1147 2027 inter‘mare
1174 1964 1318 2047 AEgaeum
1341 1971 1375 2025 et

239 2064 385 2128 lonicum
401 2066 471 2148 sita,
489 2063 635 2149 duosque
652 2064 775 2128 hahens
793 2075 915 2150 portus,
933 2086 1034 2128 uuum
1054 2063 1288 2129 occidentalem
1304 2065 1374 2128 lte-

240 2168 316 2230 liam
334 2189 454 2249 versus,
473 2169 609 2232 alterum
624 2168 813 2231 orientalem
829 2189 939 2232 versus
959 2168 1079 2250 Asiam,
1102 2167 1178 2233 urbs
1193 2176 1262 2232 erat
1282 2187 1373 2232 mer-

240 2281 371 2354 catura,
397 2269 532 2355 divitiis,
558 2271 708 2352 scientiis,
735 2271 867 2352 artibus,
893 2269 977 2334 ludis
1001 2271 1164 2353 isthmieis,
1186 2270 1374 2335 celebratis-

240 2375 332 2436 sima.
352 2372 417 2436 Nec
431 2375 537 2436 utilius
550 2382 623 2436 nota
640 2382 709 2436 erat
722 2374 890 2438 Corinthus
906 2373 949 2438 ob
968 2375 1124 2458 templum
1137 2374 1282 2455 Veneris,
1301 2394 1374 2458 quae

240 2475 284 2539 ibi
304 2475 480 2559 colebatur,
498 2485 530 2539 et
550 2475 592 2538 ob
610 2475 854 2560 impudicitiam,
877 2486 973 2561 atque
996 2486 1162 2561 corruptos
1181 2475 1373 2540 adolescen-

239 2579 319 2641 tium
339 2599 444 2640 mores
460 2578 519 2662 (ἢ).
538 2579 622 2641 Talis
647 2589 714 2642 erat
736 2579 916 2662 Corinthus,
932 2601 1032 2665 quum
1048 2581 1178 2662 Paulus,
1196 2578 1374 2644 secundom

241 2701 398 2765 peragens
421 2681 480 2743 iter
497 2682 719 2764 apostolicum,
742 2683 859 2746 relictis
877 2683 1021 2764 Athenis,
1038 2683 1069 2744 iu
1086 2703 1159 2745 eam
1175 2669 1316 2746 advduit.
1335 2683 1375 2745 Et
1565 2756 1569 2759 ¹

241 2804 316 2846 eum
333 2782 414 2845 forte
432 2781 475 2844 ihi
499 2782 668 2845 invenisset
684 2782 831 2846 Juoaenm
853 2781 1041 2868 quemdam,
1060 2783 1189 2847 nomine
1206 2771 1548 2869 Aquilam,2oa.2.o,''

157 2910 159 2915 ¹
241 2907 316 2949 eum
332 2906 432 2948 urere
457 2907 513 2948 sua
538 2870 803 2971 Priscilla,'apud
821 2907 894 2949 eum
917 2869 1044 2949 mansit.
1063 2885 1146 2966 Quia
1165 2885 1284 2948 Paulus
1298 2904 1374 2947 cum

242 2991 316 3074 ipsis
344 2982 487 3074 ejusdem
513 2999 582 3053 erat
605 2991 845 3054 scenofactoriae
869 2990 975 3071 artis,
1006 2987 1209 3053 allaborabat
1232 2988 1375 3051 tentoriis

242 3092 398 3156 faciendis
415 3102 450 3155 ut
473 3092 607 3156 haberet
623 3092 709 3155 unde
730 3093 863 3173 viveret,
891 3114 951 3156 nee
974 3094 1126 3178 cuiqnam
1149 3101 1231 3157 esset
1253 3092 1370 3175 gravis.

240 3194 379 3278 Singulis
407 3205 514 3258 autem
539 3194 679 3259 sabbatis
702 3195 895 3281 loquebatur
918 3193 959 3259 ad
984 3195 1112 3259 Judaeos
1135 3196 1168 3259 in
1191 3189 1372 3279 synagoga

243 3296 342 3359 Porro
357 3318 430 3360 eum
447 3298 606 3360 vertissent
621 3296 662 3360 de
688 3297 874 3362 Macedonia
897 3298 978 3362 Silas
993 3307 1025 3361 et
1036 3299 1220 3362 Timotheus
1234 3295 1373 3360 instabat

242 3398 341 3461 serbo
366 3399 496 3481 Paulus,
521 3400 691 3463 testificans
712 3398 829 3464 Judaeis
851 3401 961 3465 Jesum
984 3421 1052 3464 esse
1074 3402 1266 3486 promissum
1286 3400 1373 3463 Mes-

241 3503 334 3565 siam.
359 3502 465 3581 Qirum
484 3512 591 3566 autem
608 3503 709 3567 iudai
732 3504 802 3568 'sese
826 3514 1026 3589 opponerent
1045 3505 1136 3568 Pauli
1154 3501 1372 3589 praedicationi

241 3614 274 3667 et
289 3604 432 3668 convicia
457 3605 488 3666 in
512 3605 621 3668 lesum
648 3617 845 3688 evomerent,
864 3605 957 3671 divus
980 3606 1151 3692 Apostolus
1173 3603 1372 3691 digressuse

241 3684 426 3792 synagdga,
462 3707 590 3772 intravit
612 3710 644 3771 in
667 3708 800 3772 domum
824 3709 992 3795 cujusdam
1017 3710 1076 3773 Titi
1099 3708 1202 3791 lusti,
1241 3707 1374 3772 colentis

241 3811 357 3891 Deum,
383 3809 474 3894 eujus
492 3809 607 3875 domus
634 3820 702 3875 erat
720 3811 887 3898 conjuncta
918 3806 1096 3897 synagdgae,
1116 3821 1146 3875 et
1170 3831 1373 3875 commorans

240 3913 383 3977 Corinthi
400 3935 586 3999 perannum
599 3923 630 3978 et
642 3937 697 3978 ser
708 3936 834 3979 menses
848 3916 1031 4001 iustansque
1043 3911 1260 3999 praedicationi
1274 3921 1373 3998 atque

276 4157 310 4236 (t)
321 4156 377 4207 th.
392 4157 491 4217 tteeten,
509 4157 650 4207 Coroniam.
661 4156 689 4206 io
704 4156 778 4220 Epist
800 4158 835 4206 ott
847 4156 917 4206 noni.
928 4156 1031 4222 prolop.
1048 4142 1226 4208 Doetlssimuru
1243 4159 1373 4205 auctorem

242 4238 396 4294 verbotenus
407 4237 460 4289 fere
474 4238 604 4301 exscripsi.

276 4322 313 4383 (t)
326 4319 377 4370 Csr.
391 4321 544 4382 lielthmayr,
559 4321 658 4370 torret.
669 4321 744 4372 citata
758 4328 777 4371 t.
791 4320 811 4371 ll
824 4334 848 4384 p.
863 4320 983 4372 ssa-ast.
