3142 4964
444 339 520 382 raas
534 340 558 383 1.
578 340 672 382 carm
687 341 710 382 1.
726 340 764 382 on
779 337 1002 381 rsmsrnucno.
1252 321 1289 385 11
1362 346 1366 359 ’

159 439 320 505 Davidson
333 449 365 503 et
377 440 553 525 presertim
565 438 713 522 Colenso,
721 438 843 503 Natalis
854 437 1034 521 episcopus,
1048 434 1140 523 cujus
1152 438 1234 503 tiber
1246 440 1295 526 (1)

135 564 138 573 ¹
159 543 254 607 tantis
269 543 492 609 controversiis
510 551 542 606 et
556 542 664 606 litibus
675 563 787 606 ansam
804 539 939 626 praebuit
954 540 987 603 in
1005 540 1092 604 clero
1109 541 1291 626 anglicano.

159 646 278 714 Michel
290 646 416 709 Nicolas
432 643 546 709 eadem
560 645 676 730 placita
693 645 726 708 in
738 643 876 709 Galliam
888 639 1041 706 inducere
1058 644 1183 728 satagit.
1197 644 1290 708 Hanc

158 749 217 813 iste
234 757 346 812 auctor
363 748 452 831 ponit
471 746 685 832 hypothesin:
704 744 926 832 antiquissima
942 742 1030 828 apud
1049 743 1177 810 Judaeos
1194 748 1292 811 exsti-

159 852 258 915 terint
281 849 486 932 documenta,
508 871 547 913 ex
570 849 687 935 quihus
712 849 772 914 sub
795 847 924 933 regibus
948 843 1140 933 deprompta
1161 850 1292 913 fuerunt

161 975 234 1040 quae
251 954 505 1018 Pentateuchum
522 951 692 1017 efformant
710 952 827 1037 scripta
844 949 1015 1014 Elohistica
1032 958 1062 1013 et
1076 950 1290 1034 Jehovistica3

161 1077 258 1140 porro
277 1055 370 1141 juxta
394 1056 500 1141 ipsum
518 1056 576 1120 istu
600 1054 795 1120 documenta
813 1076 852 1117 cx
876 1054 943 1117 solo
963 1073 1024 1115 usu
1047 1055 1214 1117 nominum
1234 1054 1293 1119 Dei

160 1157 399 1244 distinguuntur
414 1158 476 1245 (2).
517 1177 522 1187 ·

207 1263 261 1325 ts.
281 1261 497 1326 Rationalistis
513 1261 622 1345 plures
637 1259 791 1325 Catholici
811 1267 843 1322 et
862 1258 1076 1322 Protestantes
1094 1256 1293 1322 doctissimas

163 1363 396 1428 confutationes
420 1372 649 1449 opposuerunt.
667 1363 715 1426 Ex
730 1371 821 1448 parte
844 1359 1092 1424 Protestantium
1110 1359 1198 1423 citari
1219 1380 1293 1424 me-

162 1475 275 1530 rentur
301 1466 407 1548 Kelle,
439 1466 593 1550 Fritsche,
619 1465 871 1546 Rossenmsrller,
897 1462 993 1545 Sack,
1019 1463 1137 1548 Meyer,
1163 1462 1290 1544 Ranke,

162 1569 419 1655 Hengstcnberg,
436 1568 634 1652 Havernick,
659 1569 746 1651 Keil,
765 1567 947 1648 Drechsler,
973 1564 1120 1647 Arnaud,
1137 1565 1293 1629 Delitrsch

162 1681 194 1735 ct
206 1673 319 1756 Kurtz,
330 1692 469 1758 quorum
481 1680 590 1735 tamen
602 1669 666 1736 duo
679 1672 873 1757 posteriores
884 1667 927 1732 ad
940 1668 1129 1733 sententiam
1139 1666 1293 1732 Richardi

163 1775 302 1838 Simonis
319 1775 387 1838 fere
407 1772 577 1838 accedunt.
593 1775 639 1838 Ex
656 1783 747 1859 parte
764 1772 1001 1838 catholicorum
1018 1769 1204 1835 nominandi
1221 1780 1294 1834 sunt

58 1925 62 1935 .
162 1875 260 1959 Jahn,
280 1875 405 1958 Schola,
431 1876 552 1958 Weltc,
578 1874 762 1960 Haueberg,
784 1874 911 1956 Danko,
929 1872 1049 1955 Glaire,
1067 1864 1207 1954 Reusch,
1231 1871 1291 1937 Cu·

162 1979 288 2042 minero
320 1980 444 2060 Murice,
475 1978 509 2041 in
538 1979 602 2042 suis
631 1976 944 2059 Introductionibus,
978 1976 1126 2060 Meignan
1138 2024 1147 2057 ,
1175 1975 1290 2058 Smith,

162 2081 335 2166 Schoebel,
354 2083 419 2146 alii.

207 2186 261 2251 19.
279 2185 468 2272 -Antequam
491 2186 573 2249 falsa
596 2206 667 2271 quse
690 2186 856 2270 hucusque
879 2181 1104 2269 descripsimus
1125 2190 1293 2267 systemata

162 2295 345 2351 evertamus
362 2284 530 2371 probando
548 2287 676 2371 Moysen
693 2294 858 2350 auctorem
877 2305 945 2348 esse
965 2283 1184 2366 Pentateuclii,
1197 2281 1292 2368 juvat

165 2388 338 2454 observare
365 2389 590 2454 Rationalistes
614 2389 789 2453 universim
813 2386 945 2475 quidem
971 2388 1003 2451 in
1026 2385 1172 2472 neganda
1195 2387 1292 2473 Moysi

163 2492 350 2556 auctoritate
374 2492 559 2574 convenire,
586 2491 619 2554 in
644 2492 756 2556 ceteris
780 2491 939 2556 veromire
963 2487 1141 2554 dissentire.
1168 2490 1293 2553 Etenim
1341 2493 1342 2496 ’

162 2595 202 2659 lis
226 2603 273 2658 est
296 2595 377 2658 inter
400 2615 454 2659 eos
472 2593 512 2659 de
532 2615 667 2658 numero
687 2603 719 2658 et
741 2594 928 2681 antiquitate
953 2592 1232 2667 documentorum,
1252 2591 1294 2656 de

162 2718 299 2761 numcro
322 2706 502 2780 auctorum,
526 2695 567 2760 de
594 2705 739 2782 tempore
766 2696 957 2782 scriptionis.
981 2695 1072 2759 Alius
1097 2695 1186 2781 ponit
1214 2693 1294 2759 duas

162 2798 372 2862 Pentateuchi
390 2796 650 2882 conscriptiones,
665 2798 746 2861 alius
758 2807 833 2880 tres,
850 2797 932 2861 alius
948 2797 1091 2882 quinque
1106 2820 1114 2879 3
1135 2797 1189 2860 hic
1205 2797 1295 2860 Deu-

162 2902 378 2965 teronomium
401 2901 514 2965 ceteris
541 2900 631 2965 libris
660 2902 847 2984 recentius,
874 2900 928 2963 ille
952 2922 969 2963 e
993 2909 1104 2965 contra
1133 2898 1295 2984 antiquius

163 3002 313 3067 affirmat.
331 3004 429 3070 Veter
446 3025 484 3066 ex
501 3004 685 3068 nominibus
697 3003 820 3067 Elohim
839 3012 869 3066 et
884 3003 1000 3067 Jetooa
1017 3000 1098 3066 duas
1112 3000 1294 3065 documen-

165 3116 270 3170 torum
288 3107 409 3192 species
424 3106 593 3190 discernit,
616 3108 663 3170 Dc
676 3108 784 3171 Wette
799 3105 1035 3171 distinctionem
1053 3127 1092 3169 ex
1110 3096 1294 3169 nominibus

164 3209 222 3272 Dei
236 3212 368 3295 petitam
385 3208 627 3273 insufficientem
639 3209 737 3274 habet
750 3219 781 3274 et
792 3232 812 3273 a
830 3210 947 3276 Vatero
964 3207 1108 3273 dissentit
1128 3208 1213 3273 circa
1233 3228 1294 3271 nu-

163 3332 310 3396 merum,
337 3320 462 3376 aetatem
490 3320 522 3375 et
547 3310 690 3375 indolem
718 3312 999 3397 fragmentorum,
1033 3312 1118 3375 circa
1148 3318 1293 3397 tempus,

164 3414 285 3496 locum,
299 3422 458 3495 auctores,
475 3434 494 3475 a
511 3411 628 3497 quibus
643 3414 701 3477 ista
717 3413 946 3499 fragmentum
957 3433 1058 3476 unum
1076 3413 1210 3477 collecta
1223 3413 1295 3476 fue-

164 3517 239 3597 rint.
255 3517 325 3580 Imo
343 3517 410 3601 ipse
430 3516 463 3578 in
482 3523 603 3600 septem
623 3513 765 3580 diversas
789 3537 853 3580 suae
872 3513 1120 3580 Introductionis
1139 3513 1295 3579 editiones

165 3620 238 3705 plus
260 3622 360 3684 semel
383 3620 522 3703 aseipso
548 3617 702 3702 dissentit,
733 3629 764 3684 et
789 3621 822 3684 in
845 3620 1013 3705 posteriori
1033 3628 1129 3704 negat
1157 3617 1244 3705 quod
1262 3619 1295 3682 in

165 3721 357 3808 precedenti
376 3721 602 3810 affirmaverat.
629 3723 735 3807 Surgit
753 3722 896 3786 Stahelin
915 3731 945 3785 et
965 3742 1196 3805 praecessorum
1220 3723 1295 3807 pla-

198 3956 234 4023 (t)
244 3958 343 4009 Prodiit
358 3958 405 4009 suh
423 3959 519 4009 tituto:
540 3956 588 4008 Tite
599 3959 773 4022 Pentateuqao
786 3958 839 4007 aad
851 3955 915 4007 book
932 3959 964 4022 os
971 3956 1069 4008 Josoot
1085 3954 1214 4018 criticotty
1230 3968 1296 4007 eso·

165 4040 260 4089 mined.
274 4039 394 4100 Loudiai,
410 4039 529 4090 ¹862-65.

127 4118 131 4125 '
199 4120 233 4183 (Ξ)
249 4120 340 4171 Michet
354 4120 461 4182 Nicotas,
478 4109 575 4172 Etudes
586 4120 710 4185 critiques
726 4109 774 4171 snr'
790 4123 817 4171 to
835 4119 914 4183 erote,
934 4123 1029 4174 ancien
1050 4123 1201 4174 Testamcat.
1214 4121 1295 4181 Parte,

167 4202 240 4263 1862,
252 4216 278 4266 p.
293 4203 364 4253 1-93.
376 4203 511 4254 Praeivemt
524 4203 619 4262 Bonan,
631 4201 701 4254 Hist.
712 4202 775 4256 Gen.
787 4204 832 4253 des
842 4202 950 4270 toapues
959 4205 1116 4270 semitiques,
1128 4205 1208 4265 Paris,
1221 4204 1296 4264 1855,

165 4299 190 4349 p.
205 4282 269 4344 mm
286 4290 313 4334 et
323 4290 382 4334 ante
393 4296 453 4335 eum
464 4285 490 4335 S.
508 4283 598 4334 tdunck
610 4282 732 4346 (Univers
740 4285 910 4349 putoresque,
928 4287 955 4336 ta
974 4285 1110 4348 pateatne,
1129 4285 1209 4347 Paris,
1222 4284 1296 4347 1845)

164 4372 250 4429 portes
261 4364 396 4416 nonnullas
406 4365 537 4417 historicas
547 4379 562 4416 a
572 4364 656 4429 Moyse
668 4364 864 4428 abjudicaverit.
