3134 4934
311 324 387 367 raus
399 323 434 368 11.
452 322 546 367 curor
560 325 591 367 v.
610 323 649 365 oa
661 322 894 374 curruouoecrn
914 323 940 366 s.
959 323 1048 366 mun
1060 324 1219 369 rorsrous.
1268 303 1332 370 565

198 419 375 507 Epistulam
398 424 549 508 scriptam
573 421 709 486 durante
732 423 824 486 tertio
847 424 959 486 itincre
983 423 1177 508 apostolico,
1201 422 1332 509 quando

196 525 328 610 Paulus,
351 534 520 610 postquam
543 525 705 609 Ephesum
728 525 919 610 reliquisset,
938 526 1074 589 venitin
1095 523 1330 609 Macedoniam3

198 628 253 691 alii
274 636 383 692 autern
407 637 481 712 post
502 629 610 713 priora
633 627 724 692 Pauli
747 628 871 692 vincula
897 648 1044 713 romana,
1065 626 1195 714 quando
1215 628 1334 693 Paulus

92 804 96 809 ὁ
200 731 287 794 venit
301 751 412 794 rursus
426 731 460 794 in
474 731 564 794 Mace
631 731 708 794 iam.

244 834 298 897 10.
324 728 662 930 Arpcmeutumffiit
684 830 987 918 rursustlpostolus
1011 830 1052 896 de
1088 831 1198 916 officiis
1222 853 1335 897 eorum

202 938 258 1020 qui
283 956 395 1000 curam
419 936 602 1000 animarum
625 944 751 1020 gerunt.
778 936 815 998 Et
838 935 943 1019 primo
967 933 1191 1020 quidemTito
1215 937 1247 998 in
1270 956 1336 998 me-

99 1077 108 1092 x
203 1038 341 1102 moriam
353 1046 484 1101 revocat
498 1036 585 1124 quod
599 1037 698 1103 Cretae
714 1038 819 1121 ipsum
831 1036 997 1122 reliquerit
1009 1045 1043 1099 ut
1063 1038 1237 1122 incoeptum
1254 1058 1335 1121 opus

203 1140 399 1225 perliceret,
425 1161 464 1204 ca
488 1162 559 1226 quae
584 1138 717 1204 deerant
741 1140 912 1224 corrigeret
934 1149 1032 1225 atquc
1056 1139 1257 1224 presbyteros
1276 1161 1335 1224 per

204 1244 346 1307 civitates
370 1244 586 1307 constitueret.
610 1245 710 1306 Docet
733 1242 850 1329 quibus
880 1240 1007 1305 dotibus
1041 1244 1143 1306 ornati
1184 1264 1250 1306 csse
1273 1241 1335 1306 de-

201 1345 300 1410 beant
317 1347 457 1431 episcopi
477 1355 509 1410 et
529 1337 717 1431 presbhteri,
735 1342 899 1431 quomodo
917 1343 1053 1408 edocere
1068 1344 1208 1409 debeant
1225 1345 1335 1410 fideles

199 1447 293 1532 juxta
311 1448 416 1511 varias
431 1449 502 1511 vitae
521 1446 731 1532 conditiones,
751 1456 860 1512 monet
881 1446 1050 1531 fugiendos
1069 1448 1167 1512 falsos
1188 1447 1336 1512 doctores

204 1560 237 1614 et
255 1549 404 1636 judaicas
428 1550 579 1633 fabulas,
604 1560 701 1637 atque
735 1549 950 1619 obedientiam
975 1549 1189 1634 praestandam
1213 1550 1337 1635 princi·

203 1637 324 1740 pibuq]

250 1757 302 1820 11.
325 1758 372 1819 De
394 1758 570 1820 11110νί1111
593 1758 686 1819 trium
708 1755 745 1819 S.
771 1756 870 1820 Pauli
892 1756 1113 1843 Epistularum·
1122 1758 1334 1841 pastoralium.

206 1859 314 1944 Aquo
328 1868 472 1944 tempore
485 1858 773 1940 Schleiermachcr‚
794 1858 907 1943 (1807)
923 1861 1061 1945 primam
1079 1857 1120 1922 ad
1136 1860 1337 1922 Timotheum

206 1960 381 2045 Epistolam
394 1961 607 2045 impugnavit,
626 1960 696 2024 aliae
713 1959 784 2022 duae
796 1961 943 2045 Epistolae
960 1961 1136 2045 pastorales
1153 1962 1205 2024 vcl
1221 1961 1254 2023 in
1272 1968 1336 2024 toto

206 2064 259 2127 vel
276 2064 308 2126 in
327 2073 418 2147 parte
434 2065 627 2147 impugnatae
640 2063 782 2126 fuorunt.
798 2063 1084 2148 Ε11111ιο111(1811)
1104 2073 1166 2126 tres
1182 2063 1338 2147 Epistulas

206 2166 239 2228 in
251 2163 391 2229 dubium
409 2166 582 2229 revocavit.
600 2164 709 2251 Secuti
727 2173 799 2228 sunt
815 2164 902 2228 Bam
918 2165 1029 2250 (1855)
1050 2165 1150 2228 etalii
1167 2187 1247 2250 quos
1264 2166 1339 2228 citat

207 2276 239 2378 qt
236 2268 454 2352 sequiturDe
473 2268 581 2331 Wette
600 2267 660 2352 (l)
679 2268 893 2352 Epistularum
913 2277 1021 2332 autem
1042 2268 1240 2332 authentiam
1264 2290 1338 2332 cum

208 2338 372 2434 catholicis
395 2368 612 2433 defenderunt
636 2370 806 2454 Wieselcr‚
832 2371 984 2453 Delitzch,
1009 2371 1213 2456 Doumergue
1232 2381 1263 2434 et
1285 2372 1339 2434 alii

208 2471 296 2556 apud
320 2474 366 2535 De
383 2474 502 2537 Wette.

252 2575 305 2638 11.
332 2575 393 2639 Hic
416 2597 525 2639 rursus
549 2575 656 2660 illud,
682 2575 804 2661 quod
789 2598 860 2662 Jam
898 2597 980 2661 saepc
1003 2575 1092 2659 alibi,
1119 2574 1339 2658 observamus,

179 2747 183 2752 ,
209 2676 437 2741 Rationalistas
450 2674 492 2739 ad
508 2676 745 2762 impugnandas
761 2678 936 2762 pastorales
952 2677 1107 2762 Epistulas
1121 2678 1245 2740 nonnisi
1259 2698 1340 2740 con-

206 2778 349 2866 jecturas
367 2778 482 2843 afferre
499 2781 615 2844 attalia
632 2789 821 2865 argumenta
842 2802 913 2866 quar
931 2779 990 2843 sihi
1010 2779 1147 2843 invicem
1167 2801 1341 2864 opponun-

212 2891 276 2965 tur3
299 2882 411 2967 saepius
429 2883 525 2947 etiam
539 2881 626 2969 quod
647 2882 689 2947 ab
708 2905 774 2947 uno
794 2883 925 2947 affertur
937 2890 1163 2966 argumentum
1179 2881 1223 2945 ab
1239 2882 1340 2946 altero

213 2992 368 3069 tanquam
388 2983 566 3049 invalidum
590 2985 764 3049 destruitur
779 2995 811 3048 11
829 2984 982 3070 rejicitur.
1001 2983 1164 3069 (lbjiciunt
1181 2985 1289 3068 plures
1309 2984 1341 3046 in

214 3092 314 3156 tribus
328 3093 393 3155 istis
408 3093 556 3176 Epistolis
569 3092 715 3157 adhiberi
730 3115 825 3158 voces
836 3114 908 3179 quae
917 3093 994 3156 alibi
1006 3094 1056 3156 vel
1071 3114 1134 3156 non
1147 3090 1343 3155 adhibentur

213 3195 264 3257 vel
277 3194 355 3258 alias
371 3197 516 3260 notiones
533 3198 727 3281 exprimunt,
742 3195 796 3260 sed
811 3194 888 3283 quid
903 3196 1020 3287 mirum
1033 3196 1057 3258 si
1074 3194 1256 3280 Apostolus,
1267 3196 1343 3281 quia

212 3294 253 3359 de
268 3297 329 3361 alia
347 3319 381 3360 re
401 3298 528 3382 agebat,
548 3299 628 3363 alias
648 3320 753 3382 voces,
772 3308 826 3363 aut
843 3319 959 3363 vocum
980 3297 1224 3383 significationes
1247 3296 1343 3361 adhi-

212 3397 333 3461 buerit?
346 3400 376 3462 Si
390 3398 565 3485 rejicienda
579 3401 662 3465 foret
674 3402 783 3486 aliqua
796 3402 935 3486 Epistola
948 3403 1024 3487 quia
1036 3402 1069 3464 in
1082 3402 1137 3464 illa
1150 3399 1344 3465 adhibentur

213 3489 307 3564 uoces
328 3501 404 3565 alibi
428 3524 493 3565 non
516 3501 679 3585 adhibite,
705 3501 888 3588 rejiciendae
913 3512 1017 3567 essent
1040 3525 1151 3567 omnes
1181 3503 1340 3589 Epistolae.

213 3602 372 3688 Objicitur
388 3606 484 3668 ctiam
501 3604 590 3690 quod
606 3604 756 3670 differant
767 3605 912 3670 doctrina
929 3617 1027 3693 atque
1043 3609 1204 3670 sententiae
1218 3608 1344 3691 Episto-

213 3703 318 3770 larum
335 3708 543 3791 pastoralium
560 3731 578 3772 a
598 3706 743 3773 doctriua
767 3718 798 3773 et
823 3708 1004 3772 notionibus
1029 3711 1165 3772 aliarum
1183 3709 1344 3793 Epistola·
1444 3762 1451 3783 χ

213 3829 298 3871 rum.
319 3806 381 3872 Sed
400 3810 476 3894 quia
493 3810 665 3895 Apostolus
683 3812 716 3874 in
734 3811 834 3874 tribus
853 3812 941 3874 hisce
964 3811 1110 3895 Epistolis
1131 3807 1172 3872 de
1194 3809 1344 3893 pastorali

214 3911 396 3974 animarum
414 3932 492 3975 cura
508 3913 585 3997 agit,
606 3913 638 3976 in
662 3914 732 3977 aliis
756 3923 863 3977 autem
888 3935 952 3977 non
975 3913 1050 3997 agit,
1076 3932 1203 3974 neeesse
1227 3911 1287 3974 fuit
1309 3920 1345 3975 ut

121 4045 125 4059 ·
214 4023 245 4078 ct
265 4015 328 4077 alia
349 4023 521 4100 praecepta,
541 4017 620 4079 alias
634 4017 781 4080 veritates
797 4017 947 4102 aperiret,
962 4037 1033 4101 quae
1051 4018 1084 4079 in
1106 4014 1176 4078 aliis
1199 4014 1346 4098 Epistolis

213 4113 383 4181 scribenda
399 4138 465 4180 non
481 4129 582 4203 erant,
602 4121 677 4204 quia
699 4121 824 4184 occasio
848 4140 912 4183 non
936 4116 1085 4182 dabatur.
1110 4117 1257 4181 Ceterum
1282 4114 1346 4181 do·

250 4354 284 4419 (n
301 4354 406 4406 utun.
421 4353 477 4404 155.
