3132 4964
423 74 561 319 rr
584 104 768 378 pa.

314 315 355 378 88
547 335 619 388 ntra
640 335 747 377 onemo
765 336 913 378 eructans
932 337 965 378 nr
983 336 1009 379 s.
1030 335 1231 378 scaurorum.

313 434 380 517 ipse
392 431 521 498 Azarias
538 455 576 497 ea
594 433 731 523 iecisset.
753 434 824 498 Non
841 444 966 519 poterat
982 435 1076 520 igitur
1093 435 1226 518 angelus
1244 436 1339 499 aliter
1354 435 1451 521 loqui

312 535 371 598 nisi
394 557 510 619 person
567 530 970 622 ''assumptamexeundo
984 538 1116 602 Nullum
1135 558 1211 622 ergo
1235 536 1449 603 mendacium

78 634 206 776 asffj
219 687 270 726 ,⁴
299 638 345 701 in
363 638 412 704 his
427 648 484 703 rer
507 640 533 701 is
549 641 682 724 reperiri
700 648 804 739 potest
817 640 848 726 (1
1266 734 1270 741 Ι

54 756 210 877 dimid
250 746 501 855 '‘fi'ffl*
522 724 900 847 “vism‘l‘easssggae
934 730 1216 818 mmo-asmo·
1243 744 1489 832 tamem,-

28 872 79 953 's
213 866 283 981 ,Ψ
343 816 644 968 Μ’Μῖηὑ
730 856 1341 963 ἾἮᾶΜΝ

135 962 261 1143 {fils
724 1013 1024 1125 etrurvnt.

704 1284 743 1326 on
757 1286 848 1327 urano
860 1286 966 1327 sumre
980 1262 1040 1349 (ᾖ)

352 1481 383 1544 1.
410 1480 641 1566 Argumentum.
664 1480 760 1545 Liber
786 1479 909 1563 tudtth,
935 1482 991 1566 qui
1014 1480 1096 1544 inter
1132 1480 1445 1547 deuterocanonieos

307 1582 484 1647 seeundum
496 1585 528 1647 in
547 1584 685 1668 Vulgata
703 1584 810 1647 locum
832 1593 979 1667 occupat,
1000 1594 1108 1647 narrat
1132 1581 1294 1670 quomodo
1313 1583 1442 1670 Judith,

183 1695 215 1797 C
223 1708 274 1785 ,rs
307 1687 504 1751 nobilissIma
516 1697 548 1750 et
562 1688 737 1751 castissIma
756 1684 843 1770 apud
860 1684 988 1750 ludaeos
1004 1685 1101 1751 vidua
1116 1684 1288 1750 irretiendo
1304 1696 1336 1749 et
1349 1691 1443 1753 occi-

305 1789 412 1854 dendo
431 1789 653 1872 Holoferncm,
674 1789 758 1873 regis
779 1788 980 1873 Assyriorum
1003 1787 1131 1873 ducem,
1157 1789 1304 1854 liberavit
1321 1791 1441 1856 urbem

305 1893 487 1957 Belbuliam
500 1893 543 1957 ab
559 1892 725 1956 obsidione
742 1913 803 1977 qua
827 1890 1044 1976 premebatur.

348 1999 379 2059 ἓ.
398 1997 490 2060 AEtas
506 1996 598 2080 liujus
613 1995 757 2061 historice.
778 1994 848 2075 Qua
861 2003 951 2057 aetate
972 1995 1161 2080 contigerint
1180 2017 1218 2059 ea
1234 2015 1306 2081 quie
1324 1999 1358 2060 in
1375 1999 1442 2063 boe

303 2099 386 2163 libro
408 2108 579 2162 narrantur
597 2097 780 2183 ambigitur.
799 2096 966 2179 Eusebius,
984 2097 1016 2159 S.
1034 2095 1228 2182 Augustinus
1248 2146 1257 2180 ,
1279 2097 1442 2186 Georgius

303 2202 483 2292 syncellus,
498 2222 579 2287 quos
595 2201 694 2264 secuti
711 2208 783 2263 sunt
795 2199 909 2282 Estius,
923 2199 1087 2263 Cornelius
1100 2220 1119 2261 a
1131 2198 1262 2284 Lepide,
1281 2202 1441 2267 Wouters

303 2314 334 2369 et
345 2307 410 2386 alii,
428 2305 592 2368 historiam
604 2302 715 2366 Judith
727 2303 759 2365 in
773 2311 918 2385 tempora
938 2312 1009 2385 post
1026 2302 1241 2386 captivitatem
1256 2303 1440 2389 Babyloni-

304 2427 375 2470 cam
391 2414 550 2491 reponunt
562 2404 621 2490 (5).
638 2403 701 2467 Sed
717 2403 792 2467 huie
809 2403 970 2466 sententiae
987 2404 1080 2488 plura
1101 2403 1238 2468 obstant.
1256 2406 1384 2470 Etenim
1403 2409 1440 2471 in

302 2508 385 2572 libro
402 2506 512 2571 iudith
530 2516 679 2570 narratur
693 2503 1056 2589 Nabuchodonosorem,
1074 2504 1274 2591 Assyriorum
1294 2529 1409 2593 regem
1427 2560 1437 2594 ,

317 2724 511 2789 ·(t)rApprime
530 2724 665 2784 Vincenti,
685 2723 771 2774 Sestio
791 2727 888 2787 quarta
904 2722 984 2774 Coae.
1005 2723 1119 2775 trident.
1139 2724 1275 2775 vindicata
1294 2732 1360 2787 part.
1381 2725 1438 2786 Ill,

301 2802 373 2873 proti.
384 2807 403 2867 Ι,
416 2804 488 2872 §tiz
507 2805 619 2870 «Angeli
629 2818 689 2856 eum
698 2805 751 2854 sint
761 2804 898 2868 simplices,
910 2817 994 2869 neque
1009 2805 1131 2855 humanas
1144 2806 1256 2856 actiones
1267 2813 1372 2870 gerunt,
1388 2822 1439 2860 nee

300 2893 385 2944 indes
405 2890 553 2943 mortalibus
569 2888 649 2939 rideri
669 2893 783 2950 possunt.
804 2887 983 2938 Verumtamen
996 2888 1096 2950 quando
1110 2888 1193 2938 divina
1207 2889 1359 2940 auctoritate
1374 2904 1438 2942 cum

300 2974 443 3025 hominibus
459 2977 592 3023 versantur
614 2970 708 3033 angeli,
721 2964 779 3019 e'um
795 2969 831 3019 eis
852 2970 993 3033 loquuntur
1009 2981 1056 3019 seu
1078 2976 1166 3033 agunt,
1191 2971 1306 3035 quamvls
1322 2972 1436 3024 mirabili

299 3055 374 3105 modo
384 3054 430 3103 hoc
439 3053 492 3114 ilat,
503 3057 616 3103 attamen
627 3064 696 3101 more
706 3050 816 3101 humano
826 3050 863 3099 illi
873 3057 958 3112 agant,
971 3050 1098 3108 incedant,
1112 3051 1250 3114 loquantur
1257 3051 1395 3115 oportebit;
1408 3061 1438 3104 et

298 3140 360 3194 dum
373 3138 421 3187 hoe
432 3136 580 3199 perficiunt,
587 3147 718 3198 persomot
731 3135 867 3198 quamdam
881 3140 984 3197 gerunt,
999 3134 1077 3196 spotia
1090 3134 1146 3197 ejus
1157 3135 1268 3185 iodnunt
1280 3142 1308 3186 et
1316 3137 1437 3187 sensibus

299 3220 392 3271 nostris
404 3219 568 3287 objiciuntur.
581 3216 609 3266 In
623 3217 669 3266 bac
685 3216 788 3267 histona
803 3216 908 3279 angelus
923 3216 954 3266 ad
971 3215 1075 3266 Tobiam
1089 3217 1168 3276 venit,
1184 3229 1243 3267 cunr
1258 3229 1290 3268 eo
1306 3218 1434 3282 loquitur,

301 3302 341 3352 via
365 3301 470 3359 incedit,
490 3299 642 3357 mandueat;
665 3298 774 3361 ideoque
790 3298 922 3360 cujmdam
942 3297 989 3347 viri
1004 3298 1102 3347 vultum
1120 3299 1295 3360 protendebat.
1313 3300 1366 3351 Hoc
1385 3303 1436 3353 sub

298 3383 394 3433 intuitu
412 3382 526 3445 angelus,
541 3382 602 3431 dum
613 3380 659 3442 ait,
675 3393 702 3430 se
714 3392 770 3430 esse
781 3379 906 3452 azariam,
920 3379 1003 3442 magni
1017 3378 1119 3429 Ananiae
1133 3379 1286 3446 titium„non
1297 3383 1435 3446 mentitur,

277 3474 279 3477 ·
299 3476 358 3513 eum
368 3462 464 3526 species
481 3463 590 3511 humana
603 3463 635 3511 ab
646 3475 676 3511 eo
687 3467 815 3524 assumpta
828 3497 835 3521 ,
851 3466 1023 3523 personuerat
1036 3472 1094 3509 sera
1104 3460 1200 3510 naaria.
1217 3462 1279 3511 acin
1293 3463 1433 3525 omnibus,

298 3552 329 3596 ut
345 3545 387 3594 ille
401 3544 454 3605 ipse
469 3543 517 3605 rir,
533 3549 605 3593 actus
621 3543 744 3593 humanos
761 3541 914 3605 perficiebat.
932 3542 1034 3591 Nullum
1050 3554 1111 3604 ergo
1125 3543 1285 3594 mendacium
1309 3545 1436 3606 pmbatur

299 3627 327 3677 io
337 3639 453 3678 sermone
469 3624 553 3688 angeli
568 3638 626 3675 eum
643 3625 730 3675 Tobia.
748 3625 813 3674 (lum
829 3636 889 3673 vero
904 3624 1046 3674 ministerio
1062 3636 1108 3674 suo
1118 3623 1221 3674 iunctus
1233 3624 1310 3676 tuerit
1320 3626 1436 3690 Raphaet

298 3696 324 3760 et
338 3708 427 3777 ¹Tobiae
443 3707 536 3758 dixerit
562 3720 590 3757 se
605 3707 723 3769 angelum
741 3706 786 3756 Ilei
800 3718 865 3767 esse,
884 3717 989 3768 persona
1002 3705 1097 3755 Arariae
1116 3707 1228 3767 evanuit,
1246 3707 1436 3759 actiohumano

296 3791 401 3842 cessarit
419 3797 445 3841 et
461 3788 595 3839 invisibilis
614 3788 757 3839 bominibus
778 3787 857 3837 lictus
881 3794 940 3837 ante
953 3787 1073 3839 thronum
1084 3779 1137 3836 'Ilei
1150 3787 1256 3885 ingesto
1276 3798 1432 3841 versatur.»

297 3872 348 3922 eo.
361 3872 457 3932 ustus,
469 3870 600 3921 cerrenus
614 3869 741 3932 ineptae,
755 3868 891 3928 calmetus,
904 3867 1011 3926 neuton,
1026 3868 1057 3917 aa
1070 3868 1095 3916 o.
1108 3841 1227 3939 uagi?

328 3953 364 4018 (2)
374 3953 426 4004 Cir.
442 3952 610 4012 liouttancon,
624 3952 660 4002 Le
673 3952 757 4001 verite
766 3952 796 4000 de
806 3950 930 4000 l'ttictoire
940 3949 1066 3999 deluditis
1074 3965 1083 4008 ,·
1098 3908 1211 4007 biderla
1217 3951 1310 4011 verce,
1331 3953 1398 4004 Dias.
1408 3970 1435 4004 r-

295 4036 378 4086 tatioo
390 4048 438 4085 sur
455 4034 580 4085 i'iistoire
600 4036 630 4084 tte
646 4032 753 4091 Iuditlm
768 4031 948 4095 GtrirIngheIIo‚
964 4030 1017 4083 tit.
1030 4032 1073 4081 eit.
1090 4026 1144 4103 cop.
1162 4032 1201 4096 II3
1218 4033 1432 4096 Gtaire‚1tttrot,

294 4127 314 4168 t.
327 4117 369 4179 nt,
380 4131 403 4167 c.
418 4119 445 4178 8,
460 4124 509 4168 etc.

327 4199 363 4264 (ὅ)
375 4200 433 4253 vit.
444 4201 550 4259 Euseb„
563 4198 686 4251 Ciroool.
696 4211 741 4270 ap,
751 4195 953 4260 dignement.
964 4210 1005 4259 pr.
1019 4204 1039 4248 t.
1050 4197 1112 4250 xlx.
1125 4198 1182 4257 tte
1194 4200 1221 4250 S.
1231 4201 1382 4265 Angustia„
1393 4203 1435 4256 De

295 4281 345 4332 civ.
354 4282 403 4333 'Dei
413 4282 554 4344 xv111,26;
566 4282 662 4351 Enim,
675 4286 768 4332 annot.
782 4282 811 4329 itt
823 4293 880 4345 cap.
891 4279 905 4329 I
916 4279 1004 4331 leuitt
1011 4296 1021 4339 ;
1029 4281 1160 4334 Cornelius
1173 4295 1188 4333 a
1199 4283 1268 4345 lap,
1280 4282 1433 4351 Protegitur.

295 4361 324 4412 io
337 4361 441 4424 tratti,
452 4362 581 4425 Wonters,
596 4361 705 4415 dilectu.
713 4361 802 4433 select.
814 4363 840 4410 S.
851 4360 1060 4435 Scripgoostll.
