3166 4958
422 328 498 374 raas
511 328 535 374 1.
555 327 648 372 curer
662 328 735 374 xxv.
753 330 791 373 ua
803 329 900 373 umms
915 328 1162 376 nacrannoauu.
1296 310 1360 376 195

229 411 381 495 exaratus
396 430 467 494 fuit.
484 428 656 514 Utriusque
676 427 751 493 libri
766 429 871 493 versio
886 429 984 493 latina
1003 450 1043 492 ex
1059 449 1163 514 graeco
1182 428 1357 494 derivatur.

229 535 296 596 Ista
319 533 422 596 versio
446 531 556 614 latina,
583 551 657 594 cum
682 552 700 593 a
724 530 756 594 S.
779 530 974 616 Hieronymo
997 552 1063 594 non
1084 532 1180 596 luerit
1202 540 1357 614 correcta,

228 635 371 699 habetur
404 637 437 699 in
463 633 603 697 editione
627 633 764 718 Vulgata
794 643 889 718 prout
913 634 990 699 olim
1022 634 1165 698 exstabat
1198 634 1230 698 in
1260 635 1359 698 veteri

230 740 327 802 Itala.

278 841 309 904 h.
336 840 459 906 Veritas
481 838 635 902 historico.
661 837 741 902 Cum
765 837 862 901 ambo
886 837 960 901 libri
984 838 1241 903 Machabaeorum
1267 859 1360 902 eam-

232 942 309 1006 dem
345 943 413 1005 lere
442 940 606 1005 historiam
641 940 785 1003 referant
812 960 909 1026 seque
938 949 1050 1005 mutuo
1074 942 1259 1025 illustrent,
1284 942 1361 1005 hinc

233 1048 383 1111 continuo
418 1042 605 1110 conferendi
638 1053 721 1107 sunt.
759 1044 806 1106 Ex
831 1043 893 1107 bac
920 1054 1025 1108 autem
1054 1046 1224 1110 collatione
1252 1047 1361 1129 plures

233 1151 380 1214 oriuntur
403 1156 594 1233 apparentes
617 1147 787 1232 antilogiae,
810 1167 881 1232 quae
903 1147 1118 1212 Rationalistis
1139 1169 1251 1212 ausam
1274 1168 1361 1233 prae-

232 1252 374 1316 buerunt
397 1259 432 1313 ut
458 1258 613 1333 negarent
640 1250 755 1312 horum
786 1248 942 1312 librorum
973 1250 1140 1314 veritatem
1162 1251 1359 1315 historicam.

234 1352 298 1417 Sed
315 1353 436 1440 absque
449 1350 537 1437 jure,
554 1360 589 1415 ut
605 1353 710 1415 statim
723 1351 943 1436 probabimus.
962 1353 1086 1417 Etenim
1103 1363 1249 1418 auctores
1261 1352 1361 1417 libro·
1444 1364 1447 1383 ’

233 1477 308 1520 rum
324 1446 582 1520 Macchabaeorum
595 1454 692 1518 rebus
704 1452 872 1518 narrandis
888 1457 985 1520 coaevi
1000 1456 1141 1539 luerunt,
1160 1478 1211 1520 res
1231 1463 1364 1519 narrant

235 1545 407 1644 publicas,
433 1557 582 1622 omnibus
604 1566 707 1641 notas,
734 1557 960 1622 [adunationis
982 1557 1125 1624 iudaicae
1148 1560 1258 1623 intime
1281 1580 1364 1622 con-

236 1683 346 1744 nexas,
375 1661 515 1745 allegant
539 1669 747 1725 monumenta
771 1660 900 1745 publica
924 1662 957 1725 iu
980 1661 1202 1746 probationem
1224 1663 1365 1727 veritatis

236 1785 350 1828 eorum
374 1784 445 1849 quae
467 1763 622 1828 referunt.
647 1761 802 1827 Eamdem
825 1763 920 1848 igitur
943 1773 1107 1828 merentur
1129 1763 1239 1847 fidem,
1265 1784 1363 1850 quam

236 1875 401 1930 merentur
418 1867 513 1929 ceteri
531 1865 685 1946 historici,
704 1864 759 1928 ubi
777 1885 828 1928 res
844 1864 990 1949 publicas
1005 1886 1062 1929 suo
1082 1886 1148 1929 cero
1167 1874 1270 1950 gestas
1286 1886 1365 1927 nar-

237 1976 322 2033 rant.
340 1967 495 2031 Praeterea
517 1976 628 2031 auctor
643 1965 717 2029 libri
733 1964 865 2029 secundi
880 1974 1013 2030 testatur
1029 1988 1062 2030 se
1074 1967 1277 2031 abbreviasse
1294 1989 1364 2030 ma-

238 2091 339 2155 gnum
351 2070 475 2133 lasouis
487 2068 626 2154 Cyrenai
640 2089 730 2153 opus.
740 2067 826 2131 Libri
838 2069 934 2151 igitur
946 2068 1204 2132 Machabaeorum
1217 2068 1367 2132 omnibus

237 2193 323 2236 uerae
344 2172 482 2235 historie
505 2173 587 2235 uotis
610 2170 835 2255 insigniuntur.
861 2168 984 2234 ldeirco
1010 2171 1168 2255 Josepbus
1191 2168 1232 2234 ad
1253 2191 1365 2234 eorum

240 2277 461 2340 auctoritatem
493 2274 606 2359 saepius
630 2258 775 2337 recurrit.
807 2271 964 2336 Dillerunt
998 2271 1128 2358 quidem
1151 2273 1185 2335 in
1208 2282 1365 2358 supputa-

239 2379 325 2442 tione
341 2396 512 2458 annorum,
532 2377 575 2438 ita
592 2385 627 2439 ut
644 2383 756 2440 auctor
770 2374 842 2439 libri
861 2374 954 2459 primi
971 2376 1004 2438 in
1016 2373 1224 2461 supputandis
1237 2376 1367 2462 aliquo-

239 2501 314 2545 rum
337 2487 509 2544 eventuum
529 2478 632 2560 anuis,
654 2499 720 2541 uno
744 2498 829 2541 anno
854 2476 1011 2562 praecedat
1033 2487 1197 2542 auctorem
1215 2478 1288 2542 libri
1311 2500 1366 2542 se-

241 2581 351 2647 cundi.
368 2579 431 2644 Sed
449 2581 507 2644 ista
523 2578 735 2664 discrepantia
751 2600 790 2642 ex
814 2602 852 2644 eo
873 2581 1020 2665 provenit
1037 2580 1124 2667 quod
1141 2583 1275 2665 scriptor
1292 2581 1366 2645 libri

242 2689 348 2775 primi,
377 2687 529 2751 hebraice
557 2709 616 2772 pro
636 2686 753 2751 Judais
777 2689 1048 2773 palaestinensibus
1075 2689 1228 2773 scribens,
1246 2711 1367 2754 annum
1410 2704 1413 2710 '

242 2794 382 2878 incipiat,
397 2790 490 2877 juxta
502 2790 687 2855 ludaeorum
704 2811 839 2874 morem,
854 2813 873 2855 a
889 2813 998 2855 meuse
1010 2793 1109 2856 Ninon
1121 2792 1262 2878 (Aprili);
1287 2795 1369 2857 alter

241 2917 319 2960 vero
342 2894 533 2958 abbrevians
553 2915 632 2978 opus
648 2895 771 2958 lasonis
787 2894 926 2980 Cyronaei
950 2895 1208 2979 supputationem
1230 2897 1369 2961 auctoris

244 3019 341 3084 quem
358 2999 424 3083 ipse
441 2996 651 3061 abbreviabat
667 2997 851 3079 servaverit,
872 3006 901 3060 et
917 3017 1037 3060 annum
1054 2998 1208 3083 inceperit
1224 2998 1266 3061 ab
1283 3001 1368 3062 inse·

245 3101 354 3185 quenti
371 3119 479 3161 mense
499 3098 618 3162 Tischri
629 3097 786 3182 (Octobri)
810 3097 954 3184 ejusdem
972 3100 1058 3162 anni.
1082 3097 1174 3162 Unde
1191 3101 1276 3164 facta
1298 3121 1369 3186 quae

246 3200 445 3288 contigerunt
457 3203 540 3265 intra
554 3199 634 3265 illud
648 3203 800 3287 temporis
815 3203 951 3286 spatium
967 3200 1054 3287 quod
1068 3199 1164 3265 effluit
1180 3223 1199 3265 a
1214 3202 1310 3266 Nisan
1326 3201 1369 3266 ad

245 3305 377 3386 Tischri,
392 3304 417 3367 si
432 3302 475 3366 ab
492 3312 621 3366 auctore
640 3301 713 3366 libri
731 3304 746 3365 I
760 3311 923 3387 ponuntur
934 3324 966 3366 v.
986 3324 1017 3388 g.
1034 3304 1066 3366 in
1080 3324 1170 3380 ,anno
1187 3324 1257 3366 aerae
1277 3326 1369 3390 syro-

245 3403 460 3471 macedonicae
483 3405 558 3487 149,
585 3404 628 3468 ab
651 3413 779 3468 auctore
800 3404 872 3468 libri
896 3406 926 3468 Il
946 3415 1105 3490 ponentur
1127 3406 1160 3469 in
1184 3429 1268 3471 armo
1293 3409 1367 3472 tta.

246 3509 329 3573 Hinc
354 3507 539 3591 intelligitur
559 3504 721 3590 quomodo
740 3508 760 3568 I
777 3506 874 3570 Morh.
898 3508 953 3590 Vl,
974 3508 1014 3571 16
1035 3507 1159 3572 dicatur
1176 3508 1370 3574 Antiochum

172 3676 174 3679 ,
245 3610 445 3695 Epiphanem
458 3617 622 3672 mortuum
639 3630 706 3672 esse
719 3630 803 3672 anno
817 3608 1000 3674 Graecorum
1015 3611 1089 3692 149,
1105 3621 1136 3674 et
1149 3613 1183 3672 ΙΙ
1194 3612 1291 3675 Morta.
1310 3612 1369 3696 Xl,

247 3711 352 3775 27-55
365 3709 522 3774 referatur
535 3709 669 3793 epistola
684 3718 904 3794 postmortem
917 3711 1090 3795 Epiphanis
1103 3711 1145 3773 ab
1158 3709 1225 3794 ejus
1241 3733 1371 3776 sucees-

246 3834 316 3876 sore
328 3810 402 3876 data
417 3833 503 3875 anno
521 3808 595 3892 148,
610 3809 662 3874 die
676 3812 718 3874 15
729 3813 846 3875 mensis
863 3813 1011 3875 Xanthioi
1027 3811 1086 3896 (1).

290 3915 322 3978 6.
341 3915 477 3999 Urgetur
500 3915 595 3977 etiam
614 3914 722 4000 aliqua
742 3923 897 3998 praetensa
914 3911 1120 3977 contradictio
1139 3913 1220 3975 inter
1237 3916 1368 3981 IMuch.

280 4186 315 4249 (t)
324 4187 384 4238 -AEra
397 4185 598 4245 Seleucidarum
612 4198 687 4250 quam
702 4191 846 4249 sequuntur
861 4184 918 4234 libri
933 4183 1138 4247 Machahaeorum,
1153 4185 1242 4249 incipit
1255 4200 1269 4237 a
1284 4199 1373 4237 mense

248 4268 349 4319 Octobri
364 4267 412 4319 eir
424 4282 447 4319 a.
465 4268 524 4318 Chr.
538 4267 613 4317 Liber
629 4273 714 4316 autem
730 4267 827 4329 primus
838 4278 938 4315 menses
951 4273 1066 4315 numerat
1077 4274 1149 4329 Juxta
1163 4281 1259 4318 morem
1271 4269 1371 4319 ludaeo-

250 4365 317 4413 rum,
329 4352 471 4415 incipiendo
482 4365 496 4401 a
508 4363 594 4401 mense
608 4349 692 4412 Nisan,
708 4349 753 4413 qui
767 4349 839 4399 Marti
854 4349 892 4400 rei
908 4348 1146 4412 Aprilirespoudet,
1156 4351 1270 4414 adeoque
1283 4351 1373 4414 incipit
