<?xml version="1.0" encoding="UTF-8"?>
<!DOCTYPE html PUBLIC "-//W3C//DTD XHTML 1.0 Transitional//EN"
    "http://www.w3.org/TR/xhtml1/DTD/xhtml1-transitional.dtd">
<html xmlns="http://www.w3.org/1999/xhtml" xml:lang="en" lang="en">
 <head>
  <title>
</title>
<meta http-equiv="Content-Type" content="text/html;charset=utf-8" />
  <meta name='ocr-system' content='tesseract 3.04.00' />
  <meta name='ocr-capabilities' content='ocr_page ocr_carea ocr_par ocr_line ocrx_word'/>
</head>
<body>
  <div class='ocr_page' id='page_1' title='image "./introductioinsa00lamygoog/introductioinsa00lamygoog_0216.png"; bbox 0 0 3166 4958; ppageno 0'>
   <div class='ocr_carea' id='block_1_1' title="bbox 419 310 1346 374">
    <p class='ocr_par' dir='ltr' id='par_1_1' title="bbox 419 310 1346 374">
     <span class='ocr_line' id='line_1_1' title="bbox 419 310 1346 374; baseline 0.003 -3"><span class='ocrx_word' id='word_1_1' title='bbox 419 328 493 371; x_wconf 73' lang='lat' dir='ltr'>rsus</span> <span class='ocrx_word' id='word_1_2' title='bbox 511 327 546 370; x_wconf 86' lang='lat'>11.</span> <span class='ocrx_word' id='word_1_3' title='bbox 569 327 662 369; x_wconf 76' lang='lat' dir='ltr'>eninr</span> <span class='ocrx_word' id='word_1_4' title='bbox 675 328 710 369; x_wconf 91' lang='lat' dir='ltr'>n.</span> <span class='ocrx_word' id='word_1_5' title='bbox 730 316 770 368; x_wconf 80' lang='lat' dir='ltr'>nn‘</span> <span class='ocrx_word' id='word_1_6' title='bbox 783 316 957 370; x_wconf 72' lang='lat' dir='ltr'>svenonnns</span> <span class='ocrx_word' id='word_1_7' title='bbox 973 328 1003 370; x_wconf 85' lang='lat' dir='ltr'>rn</span> <span class='ocrx_word' id='word_1_8' title='bbox 1021 315 1148 374; x_wconf 79' lang='lat' dir='ltr'>ornans.</span> <span class='ocrx_word' id='word_1_9' title='bbox 1284 310 1346 374; x_wconf 67' lang='lat'>209</span> 
     </span>
    </p>
   </div>
   <div class='ocr_carea' id='block_1_2' title="bbox 208 423 1348 823">
    <p class='ocr_par' dir='ltr' id='par_1_2' title="bbox 208 423 1348 823">
     <span class='ocr_line' id='line_1_2' title="bbox 217 423 1347 513; baseline 0 -21"><span class='ocrx_word' id='word_1_10' title='bbox 217 423 405 492; x_wconf 78' lang='lat' dir='ltr'>tribuenda.</span> <span class='ocrx_word' id='word_1_11' title='bbox 432 425 464 489; x_wconf 89' lang='lat' dir='ltr'>S.</span> <span class='ocrx_word' id='word_1_12' title='bbox 481 425 692 513; x_wconf 78' lang='lat' dir='ltr'>Hieronymus</span> <span class='ocrx_word' id='word_1_13' title='bbox 712 423 772 509; x_wconf 84' lang='lat' dir='ltr'>(l),</span> <span class='ocrx_word' id='word_1_14' title='bbox 793 445 889 509; x_wconf 88' lang='lat' dir='ltr'>quern</span> <span class='ocrx_word' id='word_1_15' title='bbox 904 423 1005 491; x_wconf 82' lang='lat' dir='ltr'>,hodie</span> <span class='ocrx_word' id='word_1_16' title='bbox 1019 437 1195 512; x_wconf 88' lang='lat' dir='ltr'>sequuntur</span> <span class='ocrx_word' id='word_1_17' title='bbox 1212 428 1347 513; x_wconf 87' lang='lat' dir='ltr'>pictores</span> 
     </span>
     <span class='ocr_line' id='line_1_3' title="bbox 219 524 1345 617; baseline -0.002 -21"><span class='ocrx_word' id='word_1_18' title='bbox 219 542 255 596; x_wconf 78' lang='lat' dir='ltr'>et</span> <span class='ocrx_word' id='word_1_19' title='bbox 287 532 485 615; x_wconf 84' lang='lat' dir='ltr'>sculptores,</span> <span class='ocrx_word' id='word_1_20' title='bbox 509 524 554 593; x_wconf 84' lang='lat' dir='ltr'>sic</span> <span class='ocrx_word' id='word_1_21' title='bbox 577 530 730 593; x_wconf 85' lang='lat' dir='ltr'>visionem</span> <span class='ocrx_word' id='word_1_22' title='bbox 754 529 925 593; x_wconf 80' lang='lat' dir='ltr'>Ezechielis</span> <span class='ocrx_word' id='word_1_23' title='bbox 945 530 1152 615; x_wconf 77' lang='lat' dir='ltr'>Evangehstis</span> <span class='ocrx_word' id='word_1_24' title='bbox 1174 533 1313 617; x_wconf 86' lang='lat' dir='ltr'>applicat</span> <span class='ocrx_word' id='word_1_25' title='bbox 1337 556 1345 594; x_wconf 74' lang='grc' dir='ltr'><strong><em>ε</em></strong></span> 
     </span>
     <span class='ocr_line' id='line_1_4' title="bbox 208 623 1348 719; baseline 0.004 -26"><span class='ocrx_word' id='word_1_26' title='bbox 208 644 241 694; x_wconf 78' lang='lat' dir='ltr'>&#39;n</span> <span class='ocrx_word' id='word_1_27' title='bbox 257 623 443 718; x_wconf 56' lang='lat' dir='ltr'>llaeo‘igitnr</span> <span class='ocrx_word' id='word_1_28' title='bbox 454 642 594 718; x_wconf 81' lang='lat' dir='ltr'>quatuor</span> <span class='ocrx_word' id='word_1_29' title='bbox 605 632 776 715; x_wconf 80' lang='lat' dir='ltr'>Evangelia</span> <span class='ocrx_word' id='word_1_30' title='bbox 789 634 890 696; x_wconf 84' lang='lat' dir='ltr'>multo</span> <span class='ocrx_word' id='word_1_31' title='bbox 906 641 979 697; x_wconf 86' lang='lat' dir='ltr'>ante</span> <span class='ocrx_word' id='word_1_32' title='bbox 993 632 1158 719; x_wconf 84' lang='lat' dir='ltr'>praediete,</span> <span class='ocrx_word' id='word_1_33' title='bbox 1177 636 1348 700; x_wconf 87' lang='lat' dir='ltr'>Ezechielis</span> 
     </span>
     <span class='ocr_line' id='line_1_5' title="bbox 222 732 1346 823; baseline 0.001 -22"><span class='ocrx_word' id='word_1_34' title='bbox 222 756 353 823; x_wconf 87' lang='lat' dir='ltr'>quoque</span> <span class='ocrx_word' id='word_1_35' title='bbox 376 732 528 799; x_wconf 81' lang='lat' dir='ltr'>volumen</span> <span class='ocrx_word' id='word_1_36' title='bbox 551 734 679 820; x_wconf 80' lang='lat' dir='ltr'>probet,</span> <span class='ocrx_word' id='word_1_37' title='bbox 701 735 734 799; x_wconf 92' lang='lat' dir='ltr'>in</span> <span class='ocrx_word' id='word_1_38' title='bbox 757 756 821 820; x_wconf 88' lang='lat' dir='ltr'>qno</span> <span class='ocrx_word' id='word_1_39' title='bbox 845 737 948 820; x_wconf 85' lang='lat' dir='ltr'>prima</span> <span class='ocrx_word' id='word_1_40' title='bbox 972 737 1051 801; x_wconf 85' lang='lat' dir='ltr'>visio</span> <span class='ocrx_word' id='word_1_41' title='bbox 1075 739 1128 803; x_wconf 70' lang='lat' dir='ltr'>ita.</span> <span class='ocrx_word' id='word_1_42' title='bbox 1141 738 1346 802; x_wconf 82' lang='lat' dir='ltr'>contexitur:</span> 
     </span>
    </p>
   </div>
   <div class='ocr_carea' id='block_1_3' title="bbox 127 834 1349 923">
    <p class='ocr_par' dir='ltr' id='par_1_3' title="bbox 127 834 1349 923">
     <span class='ocr_line' id='line_1_6' title="bbox 127 834 1349 923; baseline 0.002 -21"><span class='ocrx_word' id='word_1_43' title='bbox 127 914 130 917; x_wconf 22' lang='lat'>¹</span> <span class='ocrx_word' id='word_1_44' title='bbox 221 834 265 904; x_wconf 78' lang='lat' dir='ltr'>Et</span> <span class='ocrx_word' id='word_1_45' title='bbox 286 843 318 902; x_wconf 84' lang='lat' dir='ltr'>in</span> <span class='ocrx_word' id='word_1_46' title='bbox 333 840 429 903; x_wconf 75' lang='lat' dir='ltr'>medio</span> <span class='ocrx_word' id='word_1_47' title='bbox 444 841 520 903; x_wconf 82' lang='lat' dir='ltr'>sient</span> <span class='ocrx_word' id='word_1_48' title='bbox 531 838 697 902; x_wconf 72' lang='lat' dir='ltr'>similitudo</span> <span class='ocrx_word' id='word_1_49' title='bbox 716 849 845 923; x_wconf 81' lang='lat' dir='ltr'>quotuor</span> <span class='ocrx_word' id='word_1_50' title='bbox 861 836 1071 904; x_wconf 71' lang='lat' dir='ltr'>inimatum.-</span> <span class='ocrx_word' id='word_1_51' title='bbox 1091 852 1118 903; x_wconf 83' lang='lat' dir='ltr'>st</span> <span class='ocrx_word' id='word_1_52' title='bbox 1136 840 1234 905; x_wconf 83' lang='lat' dir='ltr'>onltns</span> <span class='ocrx_word' id='word_1_53' title='bbox 1246 863 1349 904; x_wconf 82' lang='lat' dir='ltr'>corn-m</span> 
     </span>
    </p>
   </div>
   <div class='ocr_carea' id='block_1_4' title="bbox 221 940 1351 1438">
    <p class='ocr_par' dir='ltr' id='par_1_4' title="bbox 221 940 1351 1438">
     <span class='ocr_line' id='line_1_7' title="bbox 221 940 1347 1037; baseline 0.003 -30"><span class='ocrx_word' id='word_1_54' title='bbox 221 944 317 1030; x_wconf 73' lang='lat' dir='ltr'>facies</span> <span class='ocrx_word' id='word_1_55' title='bbox 339 943 482 1015; x_wconf 76' lang='lat' dir='ltr'>hominis,</span> <span class='ocrx_word' id='word_1_56' title='bbox 507 953 535 1004; x_wconf 82' lang='lat' dir='ltr'>et</span> <span class='ocrx_word' id='word_1_57' title='bbox 551 941 643 1026; x_wconf 79' lang='lat' dir='ltr'>facies</span> <span class='ocrx_word' id='word_1_58' title='bbox 661 940 765 1014; x_wconf 85' lang='lat' dir='ltr'>leonis,</span> <span class='ocrx_word' id='word_1_59' title='bbox 787 953 814 1004; x_wconf 86' lang='lat' dir='ltr'>et</span> <span class='ocrx_word' id='word_1_60' title='bbox 832 943 925 1028; x_wconf 79' lang='lat' dir='ltr'>socies</span> <span class='ocrx_word' id='word_1_61' title='bbox 947 942 1044 1017; x_wconf 82' lang='lat' dir='ltr'>ns&#39;tnli,</span> <span class='ocrx_word' id='word_1_62' title='bbox 1063 955 1091 1037; x_wconf 77' lang='lat' dir='ltr'>et</span> <span class='ocrx_word' id='word_1_63' title='bbox 1112 944 1207 1028; x_wconf 67' lang='lat' dir='ltr'>socies</span> <span class='ocrx_word' id='word_1_64' title='bbox 1227 943 1347 1029; x_wconf 75' lang='lat' dir='ltr'>aquile.</span> 
     </span>
     <span class='ocr_line' id='line_1_8' title="bbox 223 1043 1351 1131; baseline 0 -23"><span class='ocrx_word' id='word_1_65' title='bbox 223 1046 332 1110; x_wconf 83' lang='lat' dir='ltr'>Prima</span> <span class='ocrx_word' id='word_1_66' title='bbox 344 1045 482 1108; x_wconf 88' lang='lat' dir='ltr'>hominis</span> <span class='ocrx_word' id='word_1_67' title='bbox 497 1043 596 1107; x_wconf 82' lang='lat' dir='ltr'>facies</span> <span class='ocrx_word' id='word_1_68' title='bbox 608 1043 790 1106; x_wconf 79' lang='lat' dir='ltr'>Matthaenm</span> <span class='ocrx_word' id='word_1_69' title='bbox 804 1043 971 1128; x_wconf 79' lang='lat' dir='ltr'>significat,</span> <span class='ocrx_word' id='word_1_70' title='bbox 990 1046 1045 1128; x_wconf 93' lang='lat' dir='ltr'>qni</span> <span class='ocrx_word' id='word_1_71' title='bbox 1057 1046 1147 1131; x_wconf 88' lang='lat' dir='ltr'>quasi</span> <span class='ocrx_word' id='word_1_72' title='bbox 1164 1043 1205 1109; x_wconf 88' lang='lat' dir='ltr'>de</span> <span class='ocrx_word' id='word_1_73' title='bbox 1221 1046 1351 1109; x_wconf 89' lang='lat' dir='ltr'>homine</span> 
     </span>
     <span class='ocr_line' id='line_1_9' title="bbox 225 1145 1351 1233; baseline -0.002 -21"><span class='ocrx_word' id='word_1_74' title='bbox 225 1168 355 1212; x_wconf 87' lang='lat' dir='ltr'>exorsus</span> <span class='ocrx_word' id='word_1_75' title='bbox 369 1156 416 1212; x_wconf 89' lang='lat' dir='ltr'>est</span> <span class='ocrx_word' id='word_1_76' title='bbox 431 1146 570 1211; x_wconf 86' lang='lat' dir='ltr'>scrihere</span> <span class='ocrx_word' id='word_1_77' title='bbox 587 1169 594 1208; x_wconf 77' lang='grc' dir='ltr'><strong><em>ε</em></strong></span> <span class='ocrx_word' id='word_1_78' title='bbox 611 1146 699 1208; x_wconf 74' lang='lat' dir='ltr'>liber</span> <span class='ocrx_word' id='word_1_79' title='bbox 713 1149 914 1230; x_wconf 64' lang='lat' dir='ltr'>concretionis</span> <span class='ocrx_word' id='word_1_80' title='bbox 930 1148 1004 1210; x_wconf 82' lang='lat' dir='ltr'>Jesn</span> <span class='ocrx_word' id='word_1_81' title='bbox 1017 1145 1145 1221; x_wconf 86' lang='lat' dir='ltr'>Christi,</span> <span class='ocrx_word' id='word_1_82' title='bbox 1164 1147 1226 1233; x_wconf 82' lang='lat' dir='ltr'>filii</span> <span class='ocrx_word' id='word_1_83' title='bbox 1239 1148 1351 1220; x_wconf 82' lang='lat' dir='ltr'>Dnoid,</span> 
     </span>
     <span class='ocr_line' id='line_1_10' title="bbox 222 1247 1351 1337; baseline 0 -23"><span class='ocrx_word' id='word_1_84' title='bbox 222 1251 288 1337; x_wconf 77' lang='lat' dir='ltr'>filii</span> <span class='ocrx_word' id='word_1_85' title='bbox 309 1250 477 1314; x_wconf 77' lang='lat' dir='ltr'>Abrohom.</span> <span class='ocrx_word' id='word_1_86' title='bbox 498 1247 643 1314; x_wconf 87' lang='lat' dir='ltr'>Secunda</span> <span class='ocrx_word' id='word_1_87' title='bbox 665 1251 820 1332; x_wconf 87' lang='lat' dir='ltr'>Marcum,</span> <span class='ocrx_word' id='word_1_88' title='bbox 844 1251 959 1335; x_wconf 90' lang='lat' dir='ltr'>inqua</span> <span class='ocrx_word' id='word_1_89' title='bbox 977 1271 1039 1314; x_wconf 81' lang='lat' dir='ltr'>vox</span> <span class='ocrx_word' id='word_1_90' title='bbox 1062 1251 1162 1315; x_wconf 89' lang='lat' dir='ltr'>leonis</span> <span class='ocrx_word' id='word_1_91' title='bbox 1185 1252 1217 1313; x_wconf 93' lang='lat' dir='ltr'>in</span> <span class='ocrx_word' id='word_1_92' title='bbox 1242 1271 1351 1314; x_wconf 88' lang='lat' dir='ltr'>eremo</span> 
     </span>
     <span class='ocr_line' id='line_1_11' title="bbox 223 1352 1349 1438; baseline -0.002 -21"><span class='ocrx_word' id='word_1_93' title='bbox 223 1354 379 1438; x_wconf 82' lang='lat' dir='ltr'>rugientis</span> <span class='ocrx_word' id='word_1_94' title='bbox 390 1352 518 1417; x_wconf 84' lang='lat' dir='ltr'>auditur</span> <span class='ocrx_word' id='word_1_95' title='bbox 534 1376 542 1416; x_wconf 72' lang='grc' dir='ltr'><strong>ι</strong></span> <span class='ocrx_word' id='word_1_96' title='bbox 562 1354 595 1417; x_wconf 88' lang='lat' dir='ltr'><em>V</em></span> <span class='ocrx_word' id='word_1_97' title='bbox 592 1376 630 1417; x_wconf 82' lang='lat' dir='ltr'>on</span> <span class='ocrx_word' id='word_1_98' title='bbox 644 1353 803 1416; x_wconf 80' lang='lat' dir='ltr'>clamantis</span> <span class='ocrx_word' id='word_1_99' title='bbox 817 1355 848 1415; x_wconf 89' lang='lat' dir='ltr'>in</span> <span class='ocrx_word' id='word_1_100' title='bbox 861 1352 1111 1426; x_wconf 63' lang='lat' dir='ltr'>concrepante</span> <span class='ocrx_word' id='word_1_101' title='bbox 1123 1357 1202 1418; x_wconf 83' lang='lat' dir='ltr'>oium</span> <span class='ocrx_word' id='word_1_102' title='bbox 1213 1355 1349 1427; x_wconf 86' lang='lat' dir='ltr'>Domini,</span> 
     </span>
    </p>
   </div>
   <div class='ocr_carea' id='block_1_5' title="bbox 115 1456 1352 1644">
    <p class='ocr_par' dir='ltr' id='par_1_5' title="bbox 115 1456 1352 1644">
     <span class='ocr_line' id='line_1_12' title="bbox 115 1456 1350 1542; baseline 0 -22"><span class='ocrx_word' id='word_1_103' title='bbox 115 1469 122 1487; x_wconf 76' lang='lat'><strong>²</strong></span> <span class='ocrx_word' id='word_1_104' title='bbox 223 1469 324 1522; x_wconf 82' lang='lat' dir='ltr'>rectos</span> <span class='ocrx_word' id='word_1_105' title='bbox 332 1458 422 1542; x_wconf 66' lang='lat' dir='ltr'>facite</span> <span class='ocrx_word' id='word_1_106' title='bbox 434 1459 556 1520; x_wconf 69' lang='lat' dir='ltr'>secutos</span> <span class='ocrx_word' id='word_1_107' title='bbox 572 1458 648 1540; x_wconf 79' lang='lat' dir='ltr'>ey&#39;res.</span> <span class='ocrx_word' id='word_1_108' title='bbox 667 1456 770 1519; x_wconf 82' lang='lat' dir='ltr'>Tertia</span> <span class='ocrx_word' id='word_1_109' title='bbox 783 1456 885 1538; x_wconf 79' lang='lat' dir='ltr'>vituli,</span> <span class='ocrx_word' id='word_1_110' title='bbox 901 1476 972 1542; x_wconf 80' lang='lat' dir='ltr'>quae</span> <span class='ocrx_word' id='word_1_111' title='bbox 984 1457 1218 1541; x_wconf 80' lang='lat' dir='ltr'>Evangelislam</span> <span class='ocrx_word' id='word_1_112' title='bbox 1231 1457 1350 1521; x_wconf 85' lang='lat' dir='ltr'>Lucam</span> 
     </span>
     <span class='ocr_line' id='line_1_13' title="bbox 125 1557 1352 1644; baseline -0.002 -21"><span class='ocrx_word' id='word_1_113' title='bbox 125 1591 131 1600; x_wconf 89' lang='lat'><strong>·</strong></span> <span class='ocrx_word' id='word_1_114' title='bbox 222 1582 243 1623; x_wconf 88' lang='lat' dir='ltr'>a</span> <span class='ocrx_word' id='word_1_115' title='bbox 256 1560 410 1624; x_wconf 81' lang='lat' dir='ltr'>Zacharia</span> <span class='ocrx_word' id='word_1_116' title='bbox 423 1557 588 1623; x_wconf 83' lang='lat' dir='ltr'>sacerdote</span> <span class='ocrx_word' id='word_1_117' title='bbox 603 1559 771 1643; x_wconf 85' lang='lat' dir='ltr'>sumpsisse</span> <span class='ocrx_word' id='word_1_118' title='bbox 785 1558 908 1622; x_wconf 87' lang='lat' dir='ltr'>initium</span> <span class='ocrx_word' id='word_1_119' title='bbox 923 1558 1115 1644; x_wconf 78' lang='lat' dir='ltr'>praefigurat.</span> <span class='ocrx_word' id='word_1_120' title='bbox 1126 1559 1245 1641; x_wconf 82' lang='lat' dir='ltr'>Quarta</span> <span class='ocrx_word' id='word_1_121' title='bbox 1257 1559 1352 1623; x_wconf 85' lang='lat' dir='ltr'>Joan-</span> 
     </span>
    </p>
   </div>
   <div class='ocr_carea' id='block_1_6' title="bbox 153 1661 1353 3810">
    <p class='ocr_par' dir='ltr' id='par_1_6' title="bbox 153 1661 1353 2053">
     <span class='ocr_line' id='line_1_14' title="bbox 158 1661 1350 1748; baseline 0 -22"><span class='ocrx_word' id='word_1_122' title='bbox 158 1670 161 1677; x_wconf 87' lang='grc'><strong>’</strong></span> <span class='ocrx_word' id='word_1_123' title='bbox 224 1682 301 1726; x_wconf 89' lang='lat' dir='ltr'>nem</span> <span class='ocrx_word' id='word_1_124' title='bbox 323 1661 570 1746; x_wconf 75' lang='lat' dir='ltr'>Evangelistam,</span> <span class='ocrx_word' id='word_1_125' title='bbox 588 1662 643 1747; x_wconf 91' lang='lat' dir='ltr'>qui</span> <span class='ocrx_word' id='word_1_126' title='bbox 669 1681 774 1724; x_wconf 87' lang='lat' dir='ltr'>assum</span> <span class='ocrx_word' id='word_1_127' title='bbox 799 1662 836 1725; x_wconf 89' lang='lat' dir='ltr'>tis</span> <span class='ocrx_word' id='word_1_128' title='bbox 853 1663 966 1746; x_wconf 88' lang='lat' dir='ltr'>pennis</span> <span class='ocrx_word' id='word_1_129' title='bbox 984 1663 1111 1748; x_wconf 72' lang='lat' dir='ltr'>aquila,</span> <span class='ocrx_word' id='word_1_130' title='bbox 1127 1673 1157 1726; x_wconf 86' lang='lat' dir='ltr'>et</span> <span class='ocrx_word' id='word_1_131' title='bbox 1177 1662 1219 1727; x_wconf 89' lang='lat' dir='ltr'>ad</span> <span class='ocrx_word' id='word_1_132' title='bbox 1238 1664 1350 1727; x_wconf 85' lang='lat' dir='ltr'>altiora</span> 
     </span>
     <span class='ocr_line' id='line_1_15' title="bbox 153 1683 1353 1855; baseline 0 -27"><span class='ocrx_word' id='word_1_133' title='bbox 153 1774 162 1785; x_wconf 84' lang='lat'><em>&#39;</em></span> <span class='ocrx_word' id='word_1_134' title='bbox 226 1765 380 1829; x_wconf 81' lang='lat' dir='ltr'>festinans</span> <span class='ocrx_word' id='word_1_135' title='bbox 392 1763 435 1828; x_wconf 87' lang='lat' dir='ltr'>de</span> <span class='ocrx_word' id='word_1_136' title='bbox 452 1764 551 1829; x_wconf 87' lang='lat' dir='ltr'>verbo</span> <span class='ocrx_word' id='word_1_137' title='bbox 563 1765 621 1828; x_wconf 87' lang='lat' dir='ltr'>Dei</span> <span class='ocrx_word' id='word_1_138' title='bbox 639 1683 823 1855; x_wconf 42' lang='lat' dir='ltr'>disputetffi»</span> <span class='ocrx_word' id='word_1_139' title='bbox 839 1764 1033 1851; x_wconf 83' lang='lat' dir='ltr'>Hieronymo</span> <span class='ocrx_word' id='word_1_140' title='bbox 1057 1767 1090 1829; x_wconf 92' lang='lat' dir='ltr'>in</span> <span class='ocrx_word' id='word_1_141' title='bbox 1112 1765 1175 1830; x_wconf 83' lang='lat' dir='ltr'>hac</span> <span class='ocrx_word' id='word_1_142' title='bbox 1197 1767 1353 1829; x_wconf 83' lang='lat' dir='ltr'>sententia</span> 
     </span>
     <span class='ocr_line' id='line_1_16' title="bbox 228 1865 1351 1951; baseline 0 -21"><span class='ocrx_word' id='word_1_143' title='bbox 228 1868 397 1951; x_wconf 78' lang='lat' dir='ltr'>proeiverst</span> <span class='ocrx_word' id='word_1_144' title='bbox 414 1866 447 1931; x_wconf 79' lang='lat' dir='ltr'>S.</span> <span class='ocrx_word' id='word_1_145' title='bbox 470 1865 657 1930; x_wconf 79' lang='lat' dir='ltr'>Ambrosius</span> <span class='ocrx_word' id='word_1_146' title='bbox 679 1875 712 1929; x_wconf 89' lang='lat' dir='ltr'>et</span> <span class='ocrx_word' id='word_1_147' title='bbox 734 1865 767 1929; x_wconf 86' lang='lat' dir='ltr'>S.</span> <span class='ocrx_word' id='word_1_148' title='bbox 784 1865 965 1931; x_wconf 85' lang='lat' dir='ltr'>Victorinus</span> <span class='ocrx_word' id='word_1_149' title='bbox 981 1868 1227 1932; x_wconf 76' lang='lat' dir='ltr'>petavionensis.</span> <span class='ocrx_word' id='word_1_150' title='bbox 1246 1866 1351 1931; x_wconf 83' lang='lat' dir='ltr'>Secuti</span> 
     </span>
     <span class='ocr_line' id='line_1_17' title="bbox 227 1967 1082 2053; baseline 0 -21"><span class='ocrx_word' id='word_1_151' title='bbox 227 1977 302 2033; x_wconf 80' lang='lat' dir='ltr'>sunt</span> <span class='ocrx_word' id='word_1_152' title='bbox 317 1969 349 2032; x_wconf 80' lang='lat' dir='ltr'>S.</span> <span class='ocrx_word' id='word_1_153' title='bbox 368 1970 542 2033; x_wconf 84' lang='lat' dir='ltr'>Eucherius</span> <span class='ocrx_word' id='word_1_154' title='bbox 555 1967 774 2053; x_wconf 81' lang='lat' dir='ltr'>Lugdunensis</span> <span class='ocrx_word' id='word_1_155' title='bbox 790 1978 821 2032; x_wconf 82' lang='lat' dir='ltr'>et</span> <span class='ocrx_word' id='word_1_156' title='bbox 838 1969 1009 2033; x_wconf 89' lang='lat' dir='ltr'>Primasius</span> <span class='ocrx_word' id='word_1_157' title='bbox 1022 1969 1082 2053; x_wconf 51' lang='grc' dir='ltr'>(ἢ).</span> 
     </span>
    </p>

    <p class='ocr_par' dir='ltr' id='par_1_7' title="bbox 225 2056 1352 3290">
     <span class='ocr_line' id='line_1_18' title="bbox 273 2056 1352 2158; baseline 0 -24"><span class='ocrx_word' id='word_1_158' title='bbox 273 2072 304 2135; x_wconf 91' lang='grc'>7.</span> <span class='ocrx_word' id='word_1_159' title='bbox 324 2072 357 2135; x_wconf 84' lang='lat' dir='ltr'>S.</span> <span class='ocrx_word' id='word_1_160' title='bbox 381 2073 520 2136; x_wconf 84' lang='lat' dir='ltr'>lrenaeus</span> <span class='ocrx_word' id='word_1_161' title='bbox 537 2072 606 2158; x_wconf 82' lang='lat' dir='ltr'>(loc.</span> <span class='ocrx_word' id='word_1_162' title='bbox 633 2071 700 2155; x_wconf 88' lang='lat' dir='ltr'>cit.)</span> <span class='ocrx_word' id='word_1_163' title='bbox 719 2070 813 2135; x_wconf 79' lang='lat' dir='ltr'>docet</span> <span class='ocrx_word' id='word_1_164' title='bbox 836 2094 843 2134; x_wconf 76' lang='grc' dir='ltr'><strong>ε</strong></span> <span class='ocrx_word' id='word_1_165' title='bbox 869 2073 999 2136; x_wconf 90' lang='lat' dir='ltr'>homine</span> <span class='ocrx_word' id='word_1_166' title='bbox 1023 2056 1218 2154; x_wconf 76' lang='lat' dir='ltr'>Matthienm,</span> <span class='ocrx_word' id='word_1_167' title='bbox 1243 2073 1352 2158; x_wconf 89' lang='lat' dir='ltr'>aquila</span> 
     </span>
     <span class='ocr_line' id='line_1_19' title="bbox 228 2173 1352 2260; baseline -0.001 -22"><span class='ocrx_word' id='word_1_168' title='bbox 228 2175 385 2258; x_wconf 85' lang='lat' dir='ltr'>Marcum,</span> <span class='ocrx_word' id='word_1_169' title='bbox 406 2175 503 2239; x_wconf 88' lang='lat' dir='ltr'>vitulo</span> <span class='ocrx_word' id='word_1_170' title='bbox 520 2176 651 2257; x_wconf 86' lang='lat' dir='ltr'>Lucam,</span> <span class='ocrx_word' id='word_1_171' title='bbox 669 2177 762 2238; x_wconf 83' lang='lat' dir='ltr'>leone</span> <span class='ocrx_word' id='word_1_172' title='bbox 781 2174 938 2238; x_wconf 80' lang='lat' dir='ltr'>loannem</span> <span class='ocrx_word' id='word_1_173' title='bbox 954 2173 1124 2259; x_wconf 83' lang='lat' dir='ltr'>designari.</span> <span class='ocrx_word' id='word_1_174' title='bbox 1143 2174 1177 2238; x_wconf 71' lang='lat' dir='ltr'>s&#39;.</span> <span class='ocrx_word' id='word_1_175' title='bbox 1194 2175 1352 2260; x_wconf 90' lang='lat' dir='ltr'>Hippoly-</span> 
     </span>
     <span class='ocr_line' id='line_1_20' title="bbox 226 2278 1350 2364; baseline 0.001 -23"><span class='ocrx_word' id='word_1_176' title='bbox 226 2288 279 2342; x_wconf 88' lang='lat' dir='ltr'>tus</span> <span class='ocrx_word' id='word_1_177' title='bbox 293 2279 341 2364; x_wconf 75' lang='lat'>(5)</span> <span class='ocrx_word' id='word_1_178' title='bbox 356 2289 464 2343; x_wconf 85' lang='lat' dir='ltr'>autern</span> <span class='ocrx_word' id='word_1_179' title='bbox 482 2289 573 2364; x_wconf 88' lang='lat' dir='ltr'>putat</span> <span class='ocrx_word' id='word_1_180' title='bbox 591 2280 684 2343; x_wconf 84' lang='lat' dir='ltr'>leone</span> <span class='ocrx_word' id='word_1_181' title='bbox 708 2278 902 2359; x_wconf 66' lang='lat' dir='ltr'>Mannum,</span> <span class='ocrx_word' id='word_1_182' title='bbox 922 2279 1051 2342; x_wconf 89' lang='lat' dir='ltr'>homine</span> <span class='ocrx_word' id='word_1_183' title='bbox 1073 2280 1228 2361; x_wconf 84' lang='lat' dir='ltr'>Marcum,</span> <span class='ocrx_word' id='word_1_184' title='bbox 1253 2280 1350 2343; x_wconf 77' lang='lat' dir='ltr'>vitulo</span> 
     </span>
     <span class='ocr_line' id='line_1_21' title="bbox 227 2382 1351 2469; baseline 0 -24"><span class='ocrx_word' id='word_1_185' title='bbox 227 2382 360 2466; x_wconf 84' lang='lat' dir='ltr'>Lucem,</span> <span class='ocrx_word' id='word_1_186' title='bbox 379 2383 486 2469; x_wconf 81' lang='lat' dir='ltr'>aquila</span> <span class='ocrx_word' id='word_1_187' title='bbox 501 2383 659 2447; x_wconf 80' lang='lat' dir='ltr'>loannem</span> <span class='ocrx_word' id='word_1_188' title='bbox 675 2383 905 2468; x_wconf 74' lang='lat' dir='ltr'>representari.</span> <span class='ocrx_word' id='word_1_189' title='bbox 925 2383 1004 2447; x_wconf 89' lang='lat' dir='ltr'>Cum</span> <span class='ocrx_word' id='word_1_190' title='bbox 1028 2382 1060 2446; x_wconf 80' lang='lat'>8.</span> <span class='ocrx_word' id='word_1_191' title='bbox 1085 2383 1255 2469; x_wconf 87' lang='lat' dir='ltr'>Hippolyto</span> <span class='ocrx_word' id='word_1_192' title='bbox 1276 2383 1351 2446; x_wconf 88' lang='lat' dir='ltr'>lacit</span> 
     </span>
     <span class='ocr_line' id='line_1_22' title="bbox 227 2472 1351 2572; baseline 0 -24"><span class='ocrx_word' id='word_1_193' title='bbox 227 2484 487 2571; x_wconf 55' lang='lat' dir='ltr'>D&#39;aehugdstinus</span> <span class='ocrx_word' id='word_1_194' title='bbox 502 2472 550 2572; x_wconf 73' lang='lat'>(⁴)</span> <span class='ocrx_word' id='word_1_195' title='bbox 572 2508 579 2549; x_wconf 75' lang='grc' dir='ltr'><strong><em>ε</em></strong></span> <span class='ocrx_word' id='word_1_196' title='bbox 605 2510 620 2545; x_wconf 81' lang='lat' dir='ltr'>u</span> <span class='ocrx_word' id='word_1_197' title='bbox 642 2484 734 2550; x_wconf 84' lang='lat' dir='ltr'>Unde</span> <span class='ocrx_word' id='word_1_198' title='bbox 757 2485 836 2549; x_wconf 89' lang='lat' dir='ltr'>mihi</span> <span class='ocrx_word' id='word_1_199' title='bbox 856 2484 1016 2566; x_wconf 87' lang='lat' dir='ltr'>videntur,</span> <span class='ocrx_word' id='word_1_200' title='bbox 1035 2486 1089 2571; x_wconf 89' lang='lat' dir='ltr'>qni</span> <span class='ocrx_word' id='word_1_201' title='bbox 1107 2507 1145 2549; x_wconf 84' lang='lat' dir='ltr'>ex</span> <span class='ocrx_word' id='word_1_202' title='bbox 1160 2485 1351 2571; x_wconf 78' lang='lat' dir='ltr'>Apocalypsi</span> 
     </span>
     <span class='ocr_line' id='line_1_23' title="bbox 226 2587 1351 2675; baseline 0 -25"><span class='ocrx_word' id='word_1_203' title='bbox 226 2588 282 2651; x_wconf 87' lang='lat' dir='ltr'>illa</span> <span class='ocrx_word' id='word_1_204' title='bbox 306 2598 444 2674; x_wconf 81' lang='lat' dir='ltr'>quatuor</span> <span class='ocrx_word' id='word_1_205' title='bbox 466 2590 617 2653; x_wconf 85' lang='lat' dir='ltr'>animalia</span> <span class='ocrx_word' id='word_1_206' title='bbox 642 2587 682 2653; x_wconf 87' lang='lat' dir='ltr'>ad</span> <span class='ocrx_word' id='word_1_207' title='bbox 714 2588 936 2675; x_wconf 80' lang='lat' dir='ltr'>intelligendos</span> <span class='ocrx_word' id='word_1_208' title='bbox 966 2597 1103 2674; x_wconf 89' lang='lat' dir='ltr'>quatuor</span> <span class='ocrx_word' id='word_1_209' title='bbox 1136 2589 1351 2673; x_wconf 80' lang='lat' dir='ltr'>Evangelistas</span> 
     </span>
     <span class='ocr_line' id='line_1_24' title="bbox 226 2688 1350 2777; baseline 0 -24"><span class='ocrx_word' id='word_1_210' title='bbox 226 2691 425 2776; x_wconf 82' lang='lat' dir='ltr'>interpretati</span> <span class='ocrx_word' id='word_1_211' title='bbox 440 2701 525 2775; x_wconf 89' lang='lat' dir='ltr'>sunt,</span> <span class='ocrx_word' id='word_1_212' title='bbox 551 2691 749 2777; x_wconf 87' lang='lat' dir='ltr'>probabilius</span> <span class='ocrx_word' id='word_1_213' title='bbox 766 2690 889 2777; x_wconf 90' lang='lat' dir='ltr'>aliquid</span> <span class='ocrx_word' id='word_1_214' title='bbox 907 2688 1075 2755; x_wconf 85' lang='lat' dir='ltr'>attendisse</span> <span class='ocrx_word' id='word_1_215' title='bbox 1090 2691 1136 2756; x_wconf 90' lang='lat' dir='ltr'>illi</span> <span class='ocrx_word' id='word_1_216' title='bbox 1153 2691 1208 2776; x_wconf 91' lang='lat' dir='ltr'>qui</span> <span class='ocrx_word' id='word_1_217' title='bbox 1224 2691 1350 2754; x_wconf 87' lang='lat' dir='ltr'>leonem</span> 
     </span>
     <span class='ocr_line' id='line_1_25' title="bbox 225 2791 1350 2877; baseline 0 -24"><span class='ocrx_word' id='word_1_218' title='bbox 225 2791 261 2853; x_wconf 92' lang='lat' dir='ltr'>in</span> <span class='ocrx_word' id='word_1_219' title='bbox 276 2792 434 2874; x_wconf 65' lang='lat' dir='ltr'>lintheo,</span> <span class='ocrx_word' id='word_1_220' title='bbox 454 2793 619 2857; x_wconf 89' lang='lat' dir='ltr'>hominem</span> <span class='ocrx_word' id='word_1_221' title='bbox 637 2792 670 2855; x_wconf 91' lang='lat' dir='ltr'>in</span> <span class='ocrx_word' id='word_1_222' title='bbox 684 2793 803 2875; x_wconf 81' lang='lat' dir='ltr'>Marco,</span> <span class='ocrx_word' id='word_1_223' title='bbox 828 2793 962 2857; x_wconf 87' lang='lat' dir='ltr'>vitulum</span> <span class='ocrx_word' id='word_1_224' title='bbox 985 2793 1018 2855; x_wconf 92' lang='lat' dir='ltr'>in</span> <span class='ocrx_word' id='word_1_225' title='bbox 1038 2792 1134 2874; x_wconf 83' lang='lat' dir='ltr'>Luca,</span> <span class='ocrx_word' id='word_1_226' title='bbox 1160 2791 1301 2877; x_wconf 78' lang='lat' dir='ltr'>aquilem</span> <span class='ocrx_word' id='word_1_227' title='bbox 1319 2791 1350 2854; x_wconf 89' lang='lat' dir='ltr'>in</span> 
     </span>
     <span class='ocr_line' id='line_1_26' title="bbox 226 2893 1349 2981; baseline -0.004 -23"><span class='ocrx_word' id='word_1_228' title='bbox 226 2894 351 2958; x_wconf 85' lang='lat' dir='ltr'>Joanne</span> <span class='ocrx_word' id='word_1_229' title='bbox 362 2895 596 2978; x_wconf 83' lang='lat' dir='ltr'>intellexerunt,</span> <span class='ocrx_word' id='word_1_230' title='bbox 612 2915 710 2981; x_wconf 82' lang='lat' dir='ltr'>quum</span> <span class='ocrx_word' id='word_1_231' title='bbox 727 2895 771 2958; x_wconf 92' lang='lat' dir='ltr'>illi</span> <span class='ocrx_word' id='word_1_232' title='bbox 786 2896 842 2980; x_wconf 89' lang='lat' dir='ltr'>qui</span> <span class='ocrx_word' id='word_1_233' title='bbox 853 2895 1017 2958; x_wconf 86' lang='lat' dir='ltr'>hominem</span> <span class='ocrx_word' id='word_1_234' title='bbox 1035 2893 1192 2975; x_wconf 77' lang='lat' dir='ltr'>Matthaeo‚</span> <span class='ocrx_word' id='word_1_235' title='bbox 1207 2893 1349 2978; x_wconf 82' lang='lat' dir='ltr'>aquilam</span> 
     </span>
     <span class='ocr_line' id='line_1_27' title="bbox 225 2993 1350 3081; baseline -0.002 -22"><span class='ocrx_word' id='word_1_236' title='bbox 225 2996 347 3072; x_wconf 76' lang='lat' dir='ltr'>Marco,</span> <span class='ocrx_word' id='word_1_237' title='bbox 361 2998 488 3063; x_wconf 88' lang='lat' dir='ltr'>leonem</span> <span class='ocrx_word' id='word_1_238' title='bbox 503 2998 618 3062; x_wconf 81' lang='lat' dir='ltr'>loanni</span> <span class='ocrx_word' id='word_1_239' title='bbox 632 2997 822 3061; x_wconf 85' lang='lat' dir='ltr'>tribuerunt.</span> <span class='ocrx_word' id='word_1_240' title='bbox 842 2997 887 3061; x_wconf 85' lang='lat' dir='ltr'>lle</span> <span class='ocrx_word' id='word_1_241' title='bbox 907 2996 1069 3081; x_wconf 86' lang='lat' dir='ltr'>principiis</span> <span class='ocrx_word' id='word_1_242' title='bbox 1087 2994 1171 3058; x_wconf 88' lang='lat' dir='ltr'>enim</span> <span class='ocrx_word' id='word_1_243' title='bbox 1193 2993 1350 3058; x_wconf 88' lang='lat' dir='ltr'>librorum</span> 
     </span>
     <span class='ocr_line' id='line_1_28' title="bbox 225 3084 1350 3187; baseline -0.004 -24"><span class='ocrx_word' id='word_1_244' title='bbox 225 3084 402 3185; x_wconf 85' lang='lat' dir='ltr'>quamdam</span> <span class='ocrx_word' id='word_1_245' title='bbox 414 3101 632 3187; x_wconf 85' lang='lat' dir='ltr'>conjecturam</span> <span class='ocrx_word' id='word_1_246' title='bbox 646 3121 761 3185; x_wconf 86' lang='lat' dir='ltr'>capere</span> <span class='ocrx_word' id='word_1_247' title='bbox 774 3101 955 3181; x_wconf 80' lang='lat' dir='ltr'>voluerunt,</span> <span class='ocrx_word' id='word_1_248' title='bbox 971 3096 1088 3162; x_wconf 89' lang='lat' dir='ltr'>nonde</span> <span class='ocrx_word' id='word_1_249' title='bbox 1101 3105 1164 3161; x_wconf 89' lang='lat' dir='ltr'>tota</span> <span class='ocrx_word' id='word_1_250' title='bbox 1178 3097 1350 3160; x_wconf 84' lang='lat' dir='ltr'>intentione</span> 
     </span>
     <span class='ocr_line' id='line_1_29' title="bbox 225 3199 1088 3290; baseline -0.002 -25"><span class='ocrx_word' id='word_1_251' title='bbox 225 3202 512 3288; x_wconf 76' lang='lat' dir='ltr'>Evangelistarnm,</span> <span class='ocrx_word' id='word_1_252' title='bbox 528 3224 598 3290; x_wconf 83' lang='lat' dir='ltr'>quae</span> <span class='ocrx_word' id='word_1_253' title='bbox 614 3204 715 3288; x_wconf 79' lang='lat' dir='ltr'>magis</span> <span class='ocrx_word' id='word_1_254' title='bbox 728 3203 834 3266; x_wconf 91' lang='lat' dir='ltr'>fuerat</span> <span class='ocrx_word' id='word_1_255' title='bbox 848 3199 1088 3286; x_wconf 83' lang='lat' dir='ltr'>perscrutanda.</span> 
     </span>
    </p>

    <p class='ocr_par' dir='ltr' id='par_1_8' title="bbox 223 3303 1350 3810">
     <span class='ocr_line' id='line_1_30' title="bbox 269 3303 1346 3393; baseline -0.003 -23"><span class='ocrx_word' id='word_1_256' title='bbox 269 3308 300 3370; x_wconf 88' lang='lat'>8.</span> <span class='ocrx_word' id='word_1_257' title='bbox 319 3307 551 3393; x_wconf 76' lang='lat' dir='ltr'>Econpeliornnr</span> <span class='ocrx_word' id='word_1_258' title='bbox 570 3309 654 3372; x_wconf 84' lang='lat' dir='ltr'>ordo.</span> <span class='ocrx_word' id='word_1_259' title='bbox 674 3306 792 3370; x_wconf 88' lang='lat' dir='ltr'>Omnes</span> <span class='ocrx_word' id='word_1_260' title='bbox 811 3307 933 3389; x_wconf 83' lang='lat' dir='ltr'>Patres,</span> <span class='ocrx_word' id='word_1_261' title='bbox 954 3303 1133 3390; x_wconf 88' lang='lat' dir='ltr'>incipiendo</span> <span class='ocrx_word' id='word_1_262' title='bbox 1154 3303 1196 3368; x_wconf 86' lang='lat' dir='ltr'>ab</span> <span class='ocrx_word' id='word_1_263' title='bbox 1215 3304 1346 3386; x_wconf 84' lang='lat' dir='ltr'>Irenaeo,</span> 
     </span>
     <span class='ocr_line' id='line_1_31' title="bbox 227 3399 1350 3497; baseline -0.003 -25"><span class='ocrx_word' id='word_1_264' title='bbox 227 3408 280 3493; x_wconf 91' lang='lat' dir='ltr'>qui</span> <span class='ocrx_word' id='word_1_265' title='bbox 304 3409 425 3497; x_wconf 89' lang='lat' dir='ltr'>primus</span> <span class='ocrx_word' id='word_1_266' title='bbox 449 3418 586 3495; x_wconf 86' lang='lat' dir='ltr'>quatuor</span> <span class='ocrx_word' id='word_1_267' title='bbox 607 3410 779 3494; x_wconf 83' lang='lat' dir='ltr'>Evangelio</span> <span class='ocrx_word' id='word_1_268' title='bbox 796 3408 1006 3490; x_wconf 84' lang='lat' dir='ltr'>enumeravit,</span> <span class='ocrx_word' id='word_1_269' title='bbox 1027 3416 1058 3471; x_wconf 85' lang='lat' dir='ltr'>et</span> <span class='ocrx_word' id='word_1_270' title='bbox 1079 3428 1189 3471; x_wconf 88' lang='lat' dir='ltr'>omncs</span> <span class='ocrx_word' id='word_1_271' title='bbox 1204 3399 1350 3490; x_wconf 86' lang='lat' dir='ltr'>Scriptu-</span> 
     </span>
     <span class='ocr_line' id='line_1_32' title="bbox 223 3508 1347 3594; baseline -0.003 -21"><span class='ocrx_word' id='word_1_272' title='bbox 223 3531 334 3574; x_wconf 83' lang='lat' dir='ltr'>rarnm</span> <span class='ocrx_word' id='word_1_273' title='bbox 361 3533 499 3575; x_wconf 88' lang='lat' dir='ltr'>canones</span> <span class='ocrx_word' id='word_1_274' title='bbox 515 3511 577 3575; x_wconf 82' lang='lat' dir='ltr'>hoc</span> <span class='ocrx_word' id='word_1_275' title='bbox 600 3509 711 3575; x_wconf 89' lang='lat' dir='ltr'>ordine</span> <span class='ocrx_word' id='word_1_276' title='bbox 727 3510 898 3594; x_wconf 81' lang='lat' dir='ltr'>Evangelia</span> <span class='ocrx_word' id='word_1_277' title='bbox 914 3518 1090 3593; x_wconf 87' lang='lat' dir='ltr'>recensent,</span> <span class='ocrx_word' id='word_1_278' title='bbox 1108 3518 1143 3573; x_wconf 89' lang='lat' dir='ltr'>ut</span> <span class='ocrx_word' id='word_1_279' title='bbox 1157 3509 1261 3594; x_wconf 88' lang='lat' dir='ltr'>primo</span> <span class='ocrx_word' id='word_1_280' title='bbox 1277 3508 1347 3571; x_wconf 86' lang='lat' dir='ltr'>loco</span> 
     </span>
     <span class='ocr_line' id='line_1_33' title="bbox 224 3607 1346 3699; baseline -0.004 -22"><span class='ocrx_word' id='word_1_281' title='bbox 224 3607 361 3699; x_wconf 76' lang='lat' dir='ltr'>ponetur</span> <span class='ocrx_word' id='word_1_282' title='bbox 373 3615 550 3698; x_wconf 74' lang='lat' dir='ltr'>Matthaeus,</span> <span class='ocrx_word' id='word_1_283' title='bbox 572 3613 713 3679; x_wconf 88' lang='lat' dir='ltr'>secundo</span> <span class='ocrx_word' id='word_1_284' title='bbox 729 3615 865 3696; x_wconf 88' lang='lat' dir='ltr'>Marcus,</span> <span class='ocrx_word' id='word_1_285' title='bbox 881 3614 973 3678; x_wconf 85' lang='lat' dir='ltr'>tertio</span> <span class='ocrx_word' id='word_1_286' title='bbox 986 3615 1098 3697; x_wconf 89' lang='lat' dir='ltr'>Lucas,</span> <span class='ocrx_word' id='word_1_287' title='bbox 1117 3621 1230 3698; x_wconf 87' lang='lat' dir='ltr'>quarto</span> <span class='ocrx_word' id='word_1_288' title='bbox 1244 3612 1346 3674; x_wconf 88' lang='lat' dir='ltr'>Joan-</span> 
     </span>
     <span class='ocr_line' id='line_1_34' title="bbox 225 3713 1343 3810; baseline -0.004 -34"><span class='ocrx_word' id='word_1_289' title='bbox 225 3721 291 3796; x_wconf 86' lang='lat' dir='ltr'>nes,</span> <span class='ocrx_word' id='word_1_290' title='bbox 307 3736 372 3800; x_wconf 88' lang='lat' dir='ltr'>qno</span> <span class='ocrx_word' id='word_1_291' title='bbox 390 3714 777 3810; x_wconf 87' lang='lat' dir='ltr'>ordinennumquemqnc</span> <span class='ocrx_word' id='word_1_292' title='bbox 794 3715 954 3800; x_wconf 85' lang='lat' dir='ltr'>scripsisse</span> <span class='ocrx_word' id='word_1_293' title='bbox 970 3713 1116 3779; x_wconf 85' lang='lat' dir='ltr'>traditur.</span> <span class='ocrx_word' id='word_1_294' title='bbox 1134 3738 1149 3772; x_wconf 78' lang='lat' dir='ltr'>s</span> <span class='ocrx_word' id='word_1_295' title='bbox 1166 3715 1219 3777; x_wconf 83' lang='lat' dir='ltr'>Isti</span> <span class='ocrx_word' id='word_1_296' title='bbox 1236 3713 1343 3797; x_wconf 79' lang='lat' dir='ltr'>igitur,</span> 
     </span>
    </p>
   </div>
   <div class='ocr_carea' id='block_1_7' title="bbox 222 3944 1415 4423">
    <p class='ocr_par' dir='ltr' id='par_1_9' title="bbox 258 3944 939 4008">
     <span class='ocr_line' id='line_1_35' title="bbox 258 3944 939 4008; baseline -0.006 -10"><span class='ocrx_word' id='word_1_297' title='bbox 258 3949 292 4008; x_wconf 80' lang='lat' dir='ltr'>tt)</span> <span class='ocrx_word' id='word_1_298' title='bbox 304 3944 376 3997; x_wconf 80' lang='lat' dir='ltr'>Prot.</span> <span class='ocrx_word' id='word_1_299' title='bbox 388 3947 416 3996; x_wconf 84' lang='lat' dir='ltr'>in</span> <span class='ocrx_word' id='word_1_300' title='bbox 428 3944 534 4004; x_wconf 81' lang='lat' dir='ltr'>Motth.;</span> <span class='ocrx_word' id='word_1_301' title='bbox 544 3952 571 3996; x_wconf 88' lang='lat' dir='ltr'>et</span> <span class='ocrx_word' id='word_1_302' title='bbox 586 3944 725 3996; x_wconf 80' lang='lat' dir='ltr'>Commsnt.</span> <span class='ocrx_word' id='word_1_303' title='bbox 743 3946 770 3995; x_wconf 83' lang='lat' dir='ltr'>in</span> <span class='ocrx_word' id='word_1_304' title='bbox 787 3945 909 3997; x_wconf 69' lang='lat' dir='ltr'>Esseticl.</span> <span class='ocrx_word' id='word_1_305' title='bbox 921 3944 939 3995; x_wconf 88' lang='lat'>1.</span> 
     </span>
    </p>

    <p class='ocr_par' dir='ltr' id='par_1_10' title="bbox 222 4026 1415 4181">
     <span class='ocr_line' id='line_1_36' title="bbox 257 4026 1343 4094; baseline 0 -15"><span class='ocrx_word' id='word_1_306' title='bbox 257 4028 292 4094; x_wconf 65' lang='lat' dir='ltr'>(E)</span> <span class='ocrx_word' id='word_1_307' title='bbox 303 4028 510 4089; x_wconf 78' lang='lat' dir='ltr'>Ambrns.,Prol.</span> <span class='ocrx_word' id='word_1_308' title='bbox 522 4028 551 4078; x_wconf 82' lang='lat' dir='ltr'>in</span> <span class='ocrx_word' id='word_1_309' title='bbox 566 4029 624 4080; x_wconf 85' lang='lat' dir='ltr'>Luc.</span> <span class='ocrx_word' id='word_1_310' title='bbox 639 4042 662 4077; x_wconf 81' lang='lat' dir='ltr'>n.</span> <span class='ocrx_word' id='word_1_311' title='bbox 677 4028 732 4090; x_wconf 84' lang='lat' dir='ltr'>7-s;</span> <span class='ocrx_word' id='word_1_312' title='bbox 743 4028 876 4090; x_wconf 69' lang='lat' dir='ltr'>Victoris,</span> <span class='ocrx_word' id='word_1_313' title='bbox 889 4026 986 4079; x_wconf 84' lang='lat' dir='ltr'>Potrot.</span> <span class='ocrx_word' id='word_1_314' title='bbox 997 4028 1043 4079; x_wconf 82' lang='lat' dir='ltr'>tat.</span> <span class='ocrx_word' id='word_1_315' title='bbox 1052 4027 1082 4089; x_wconf 84' lang='lat' dir='ltr'>V,</span> <span class='ocrx_word' id='word_1_316' title='bbox 1094 4026 1151 4091; x_wconf 66' lang='lat' dir='ltr'>ssu</span> <span class='ocrx_word' id='word_1_317' title='bbox 1164 4026 1283 4088; x_wconf 69' lang='lat' dir='ltr'>Eucher„</span> <span class='ocrx_word' id='word_1_318' title='bbox 1297 4028 1343 4079; x_wconf 83' lang='lat' dir='ltr'>In·</span> 
     </span>
     <span class='ocr_line' id='line_1_37' title="bbox 222 4097 1415 4181; baseline -0.002 -17"><span class='ocrx_word' id='word_1_319' title='bbox 222 4118 312 4164; x_wconf 81' lang='lat' dir='ltr'>struet.</span> <span class='ocrx_word' id='word_1_320' title='bbox 326 4110 343 4162; x_wconf 89' lang='lat' dir='ltr'>l.</span> <span class='ocrx_word' id='word_1_321' title='bbox 356 4111 376 4166; x_wconf 82' lang='lat' dir='ltr'>l.</span> <span class='ocrx_word' id='word_1_322' title='bbox 387 4110 413 4162; x_wconf 71' lang='lat'>2.</span> <span class='ocrx_word' id='word_1_323' title='bbox 425 4108 523 4162; x_wconf 85' lang='lat' dir='ltr'>Patrol.</span> <span class='ocrx_word' id='word_1_324' title='bbox 540 4111 584 4161; x_wconf 86' lang='lat' dir='ltr'>lot.</span> <span class='ocrx_word' id='word_1_325' title='bbox 599 4111 628 4172; x_wconf 88' lang='lat' dir='ltr'>L,</span> <span class='ocrx_word' id='word_1_326' title='bbox 642 4109 698 4169; x_wconf 76' lang='lat' dir='ltr'>nu</span> <span class='ocrx_word' id='word_1_327' title='bbox 711 4112 828 4173; x_wconf 77' lang='lat' dir='ltr'>Prinas,</span> <span class='ocrx_word' id='word_1_328' title='bbox 840 4112 867 4162; x_wconf 84' lang='lat' dir='ltr'>in</span> <span class='ocrx_word' id='word_1_329' title='bbox 879 4111 960 4176; x_wconf 79' lang='lat' dir='ltr'>Apoo.</span> <span class='ocrx_word' id='word_1_330' title='bbox 974 4109 1014 4160; x_wconf 85' lang='lat' dir='ltr'>lV.</span> <span class='ocrx_word' id='word_1_331' title='bbox 1027 4097 1124 4161; x_wconf 82' lang='lat' dir='ltr'>Putrol.</span> <span class='ocrx_word' id='word_1_332' title='bbox 1136 4109 1181 4162; x_wconf 86' lang='lat' dir='ltr'>lut.</span> <span class='ocrx_word' id='word_1_333' title='bbox 1190 4108 1273 4171; x_wconf 89' lang='lat' dir='ltr'>LVlll,</span> <span class='ocrx_word' id='word_1_334' title='bbox 1284 4111 1342 4162; x_wconf 69' lang='lat' dir='ltr'>mn</span> <span class='ocrx_word' id='word_1_335' title='bbox 1409 4172 1415 4181; x_wconf 39' lang='grc' dir='ltr'>Ι</span> 
     </span>
    </p>

    <p class='ocr_par' dir='ltr' id='par_1_11' title="bbox 222 4192 1347 4342">
     <span class='ocr_line' id='line_1_38' title="bbox 257 4192 1347 4260; baseline 0 -15"><span class='ocrx_word' id='word_1_336' title='bbox 257 4196 293 4260; x_wconf 75' lang='lat'>(3)</span> <span class='ocrx_word' id='word_1_337' title='bbox 304 4195 336 4245; x_wconf 88' lang='lat' dir='ltr'>ln</span> <span class='ocrx_word' id='word_1_338' title='bbox 352 4193 443 4246; x_wconf 82' lang='lat' dir='ltr'>Ezeclt.</span> <span class='ocrx_word' id='word_1_339' title='bbox 456 4206 495 4257; x_wconf 81' lang='lat' dir='ltr'>sp.</span> <span class='ocrx_word' id='word_1_340' title='bbox 510 4192 631 4257; x_wconf 79' lang='lat' dir='ltr'>Lagarde,</span> <span class='ocrx_word' id='word_1_341' title='bbox 644 4193 767 4245; x_wconf 84' lang='lat' dir='ltr'>Analecta</span> <span class='ocrx_word' id='word_1_342' title='bbox 777 4195 881 4259; x_wconf 74' lang='lat' dir='ltr'>scrinea</span> <span class='ocrx_word' id='word_1_343' title='bbox 892 4209 917 4260; x_wconf 85' lang='lat' dir='ltr'>p.</span> <span class='ocrx_word' id='word_1_344' title='bbox 935 4193 976 4246; x_wconf 78' lang='grc'>90.</span> <span class='ocrx_word' id='word_1_345' title='bbox 993 4192 1060 4258; x_wconf 85' lang='lat' dir='ltr'>Lips.</span> <span class='ocrx_word' id='word_1_346' title='bbox 1075 4193 1147 4246; x_wconf 71' lang='lat'><strong>1858.</strong></span> <span class='ocrx_word' id='word_1_347' title='bbox 1167 4192 1247 4245; x_wconf 76' lang='lat' dir='ltr'>Aliam</span> <span class='ocrx_word' id='word_1_348' title='bbox 1262 4194 1347 4246; x_wconf 75' lang='lat' dir='ltr'>adhue</span> 
     </span>
     <span class='ocr_line' id='line_1_39' title="bbox 222 4275 768 4342; baseline -0.004 -12"><span class='ocrx_word' id='word_1_349' title='bbox 222 4278 414 4340; x_wconf 73' lang='lat' dir='ltr'>explioetionem</span> <span class='ocrx_word' id='word_1_350' title='bbox 428 4275 524 4342; x_wconf 78' lang='lat' dir='ltr'>prebet</span> <span class='ocrx_word' id='word_1_351' title='bbox 538 4277 664 4340; x_wconf 77' lang='lat' dir='ltr'>synopsis</span> <span class='ocrx_word' id='word_1_352' title='bbox 673 4276 768 4328; x_wconf 75' lang='lat' dir='ltr'>Athon.</span> 
     </span>
    </p>

    <p class='ocr_par' dir='ltr' id='par_1_12' title="bbox 256 4353 694 4423">
     <span class='ocr_line' id='line_1_40' title="bbox 256 4353 694 4423; baseline 0.002 -13"><span class='ocrx_word' id='word_1_353' title='bbox 256 4360 292 4423; x_wconf 75' lang='lat' dir='ltr'>(l)</span> <span class='ocrx_word' id='word_1_354' title='bbox 303 4359 339 4411; x_wconf 83' lang='lat' dir='ltr'>De</span> <span class='ocrx_word' id='word_1_355' title='bbox 351 4353 483 4412; x_wconf 77' lang='lat' dir='ltr'>Consensn</span> <span class='ocrx_word' id='word_1_356' title='bbox 499 4358 560 4409; x_wconf 78' lang='lat' dir='ltr'>Euo.</span> <span class='ocrx_word' id='word_1_357' title='bbox 578 4357 598 4421; x_wconf 88' lang='lat'>1,</span> <span class='ocrx_word' id='word_1_358' title='bbox 614 4357 654 4420; x_wconf 83' lang='lat' dir='ltr'>Vl,</span> <span class='ocrx_word' id='word_1_359' title='bbox 669 4356 694 4411; x_wconf 79' lang='lat'>9.</span> 
     </span>
    </p>
   </div>
   <div class='ocr_carea' id='block_1_8' title="bbox 0 0 1590 4958">
    <p class='ocr_par' dir='ltr' id='par_1_13' title="bbox 0 0 1590 4958">
     <span class='ocr_line' id='line_1_41' title="bbox 0 0 1590 4958; baseline 0 0"><span class='ocrx_word' id='word_1_360' title='bbox 0 0 1590 4958; x_wconf 95' lang='lat' dir='ltr'> </span> 
     </span>
    </p>
   </div>
  </div>
 </body>
</html>
