3132 4964
508 320 583 361 PARS
601 321 623 361 1.
643 320 736 361 cantv
753 322 784 362 Χ.
803 321 842 362 llll
857 321 946 363 multo
961 323 1025 366 JOB.
1266 304 1330 368 1115

197 443 316 509 reapse
341 400 534 516 exstiteriofl
551 418 763 483 Confirmatur
786 442 824 483 ex
847 423 948 505 Epist.
973 423 1087 487 Jacobi.
1105 423 1146 507 V,
1173 425 1210 491 ll
1237 434 1268 488 et
1291 447 1331 489 ex

203 527 299 591 Tobio
311 526 354 602 ΙΙ,
368 525 430 607 123
444 522 485 587 de
498 544 563 609 quo
575 532 683 587 tamen
696 523 802 588 Tobiae
816 534 904 588 textu
916 525 951 589 fit
964 510 1144 610 difficultas,
1156 528 1230 613 quia
1243 526 1333 591 deest

200 632 238 694 in
252 650 356 715 graeco
377 637 408 691 et
423 628 456 690 in
473 625 671 690 versionibus
688 624 762 690 inde
781 626 941 692 derivatis.
964 629 1086 692 Exstitit
1107 631 1201 714 igitur
1217 630 1331 712 Jobus,

201 730 321 816 dignus
333 729 425 814 cujus
462 727 625 792 atientiam
641 727 829 794 imitandam
848 728 997 794 fidelibus
1015 742 1209 816 proponeret
1223 732 1256 795 S.
1273 733 1334 796 Ja-

204 834 318 900 cobus.
348 750 572 924 Hincffirmen
598 830 672 896 Jobi
691 834 848 918 reperitur
870 834 904 896 in
926 834 1063 920 antiquis
1086 836 1331 921 martyrologiis.
1367 786 1512 909 “sled

204 938 309 1004 Graeci
326 956 402 999 eum
418 934 680 1027 COIUQQ
699 936 744 998 uti
765 945 796 999 et
813 935 980 1002 Christiani
996 936 1135 1020 Arabia,
1152 938 1332 1023 AEtbiopiae,
1397 958 1412 1027 ,j
1469 1002 1474 1011 ,

206 1041 335 1126 AEgypti
353 1050 384 1103 et
398 1040 532 1103 Russiae.
551 1037 654 1102 Latini
677 1048 784 1102 autem
803 1060 877 1103 eum
894 1049 1088 1104 venerantur
1105 1039 1157 1104 die
1175 1042 1228 1104 10·
1246 1041 1335 1127 ejus·
1386 1030 1421 1129 'f
1447 1046 1459 1085 f

206 1144 284 1209 dem
307 1144 435 1208 mensis.
463 1144 609 1229 Denique
636 1144 736 1208 sancti
760 1144 882 1226 Patres,
902 1143 1017 1209 ubido
1040 1144 1123 1209 Jobo
1146 1146 1334 1230 loquuntur,
1431 1122 1440 1143 ³

208 1249 300 1311 nullo
323 1243 420 1309 modo
445 1243 514 1329 ejus
530 1245 728 1309 existentiam
747 1246 779 1308 in
797 1246 1005 1331 questionem
1026 1223 1337 1354 ponun-tJQuamvis

18 1392 21 1399 ,
88 1386 91 1391 ·
208 1358 318 1414 autem
354 1346 550 1432 impossibile
585 1349 625 1411 sit
658 1358 744 1411 certo
775 1347 908 1412 definire
937 1370 1079 1433 quonam
1107 1360 1251 1434 tempore
1273 1349 1336 1414 Job

207 1453 335 1537 vixerit,
355 1460 464 1515 tenent
487 1461 596 1515 tamen
618 1452 711 1515 multi
730 1461 876 1517 auctores
898 1453 1017 1518 Jobum
1039 1455 1152 1517 vixisse
1175 1452 1217 1517 ad
1240 1452 1337 1518 fincm

209 1556 310 1618 aetatis
332 1554 565 1639 patriarchalis,
583 1562 619 1617 ut
638 1563 761 1618 constat
784 1574 822 1618 ex
839 1555 876 1618 iis
900 1575 970 1640 quae
995 1554 1105 1619 addita
1123 1557 1273 1640 leguntur
1295 1554 1338 1619 ad

209 1658 310 1722 finem
333 1657 486 1721 versionis
508 1656 604 1720 Lxx.
623 1655 718 1738 Quod
741 1659 838 1721 etiam
855 1657 990 1723 suadent
1006 1659 1099 1744 plura
1115 1680 1155 1722 ex
1170 1659 1238 1744 ipso
1255 1658 1338 1722 libro

208 1761 334 1844 petita:
352 1758 535 1844 longaevitas
552 1758 637 1842 Jobi,
655 1760 732 1822 ritus
750 1759 904 1824 sacrificia
925 1759 1079 1825 offerendi
1098 1759 1190 1847 juxta
1214 1782 1338 1825 morem

208 1863 484 1944 Patriarcharum,
502 1871 599 1947 atque
612 1860 794 1926 divinarum
812 1864 1044 1927 revelationum
1061 1874 1128 1928 tum
1145 1865 1337 1950 frequentia,

208 1975 281 2029 tum
305 1964 430 2029 modus.
453 1965 533 2028 Sunt
555 1965 611 2051 qui
634 1974 744 2028 tenent
759 1966 878 2028 Jobum
902 1974 975 2029 ante
993 1966 1122 2051 Moysen
1139 1968 1264 2050 vixisse,
1286 1968 1341 2030 alii

169 2086 173 2091 ·
210 2078 291 2133 vcr‘o
313 2078 457 2154 tempore
480 2070 578 2155 Moysi
599 2077 630 2133 et
652 2070 903 2154 perseveravisse
927 2090 1029 2154 usque
1052 2068 1095 2134 ad
1111 2079 1257 2154 tempora
1278 2071 1341 2133 Ju-

210 2170 334 2235 dicum.
417 2146 439 2183 'l
1273 2240 1276 2249 ,

259 2274 311 2337 10.
338 2274 399 2338 Hic
424 2275 574 2359 quaeritur
598 2297 640 2339 an
666 2274 748 2338 libor
780 2275 853 2340 Jobi
886 2296 976 2340 mcra
1005 2276 1043 2340 sit
1065 2275 1149 2341 fictio
1179 2278 1232 2341 vel
1254 2275 1343 2341 nuda

214 2377 347 2442 historia
360 2377 376 2440 l
391 2378 510 2442 Herbst
529 2379 590 2465 (1),
608 2380 665 2443 etsi
682 2389 788 2444 teneat
803 2366 921 2444 Jobum
936 2381 1064 2445 realiter
1079 2381 1204 2463 vixisse,
1224 2381 1357 2453 librum·

214 2483 378 2567 integrum
395 2491 587 2549 annumerat
602 2482 778 2547 artificiosis
789 2493 957 2569 poetarum
969 2484 1161 2549 fictionibus.
1176 2484 1283 2550 Glaire
1296 2483 1344 2568 (2)
1437 2502 1438 2505 ’

168 2594 171 2597 ‘
197 2594 361 2687 4acoutra,
378 2586 525 2670 quamvis
539 2607 602 2650 non
619 2595 714 2671 neget
728 2584 839 2651 adesse
853 2596 1041 2652 ornamenta
1056 2588 1193 2673 poetica,
1208 2597 1345 2652 conten-

183 2707 189 2721 ’
215 2687 267 2751 dit
280 2689 364 2752 lacta
379 2690 412 2752 in
432 2688 515 2752 libro
531 2692 679 2754 contenta
694 2691 823 2754 realiter
839 2689 991 2755 accidisse
1008 2699 1041 2754 ct
1057 2711 1220 2754 sermones
1236 2687 1344 2776 quoad

216 2791 428 2857 substantiam
442 2791 584 2876 prolatos
597 2793 705 2856 fuisse.
715 2792 776 2855 Uni
789 2802 844 2856 aut
855 2792 946 2856 alteri
960 2813 999 2856 ex
1012 2794 1061 2856 his
1072 2795 1234 2857 sententiis
1247 2793 1344 2857 ceteri

215 2904 366 2960 auctores
377 2894 525 2959 catholici
537 2896 609 2979 plus
620 2896 765 2959 minusve
781 2894 949 2959 accedunt.
964 2895 1044 2958 Sunt
1055 2916 1087 2958 v.
1102 2915 1134 2979 g.
1150 2896 1205 2980 qui
1220 2896 1345 2958 initium

216 3008 253 3063 et
276 2998 371 3061 finem
390 3019 465 3062 vere
488 2997 638 3062 historica
661 3019 729 3062 esse
745 3006 885 3080 censent,
903 3006 1016 3082 putant
1031 3017 1108 3060 vero
1124 3017 1286 3060 sermones
1303 2997 1346 3060 ab

217 3111 351 3166 auctore
367 3099 555 3165 adinventas
572 3110 602 3164 et
618 3099 785 3186 dispositos
801 3109 837 3164 ut
852 3098 1009 3185 gradatim
1030 3099 1203 3183 explicaret
1222 3096 1346 3163 doctri-

217 3224 298 3268 nam
321 3200 362 3266 de
385 3224 480 3266 causa
503 3211 534 3266 et
556 3202 626 3267 fine'
642 3204 802 3266 malorum
827 3223 897 3287 quae
920 3201 1067 3267 homines
1088 3202 1261 3286 patiuntur.
1280 3202 1347 3286 Ego

217 3308 323 3391 magis
341 3306 529 3371 accederem
547 3306 589 3371 ad
611 3308 798 3371 sententiam
816 3308 856 3370 D.
873 3305 980 3371 Glaire
997 3314 1029 3370 et
1042 3304 1182 3370 dicerem
1198 3306 1347 3370 historice

218 3412 347 3478 narrari
363 3411 481 3475 Jobum
500 3412 596 3475 fuisse
610 3412 643 3475 in
656 3421 740 3475 terra
753 3412 833 3494 Hus,
850 3410 966 3474 multas
981 3410 1204 3494 possessiones,
1225 3418 1347 3493 septem

219 3514 317 3597 filios‚'
331 3524 394 3579 tres
407 3514 488 3579 filias
504 3513 664 3597 babuisse,
683 3512 800 3577 deinde
816 3535 856 3578 cx
871 3514 1037 3577 vexatione
1053 3510 1185 3595 diaboli,
1200 3513 1251 3576 eui
1264 3513 1349 3575 Deus

221 3620 309 3682 banc
321 3618 483 3682 licentiam
499 3619 664 3701 concessit,
678 3619 773 3681 variis
787 3616 1020 3681 calamitatibus
1034 3617 1130 3679 fuisse
1146 3628 1354 3699 oppressum,¹

222 3732 289 3786 tres
308 3721 377 3806 ejus
404 3723 524 3785 amicos
551 3719 592 3784 ad
611 3742 686 3785 eum
705 3721 888 3784 convenisse
912 3729 1009 3805 atque
1026 3740 1100 3783 cum
1120 3739 1158 3781 eo
1175 3718 1349 3781 collocutos

223 3846 306 3908 esse,
322 3824 461 3911 denique
474 3824 604 3906 Jobum,
623 3833 791 3908 postquam
807 3825 962 3908 patienter
978 3824 1045 3900 lraec
1060 3822 1169 3887 omnia
1181 3820 1350 3886 sustinuis-

223 3936 284 4010 set,
316 3928 455 4013 pristinis
486 3927 601 4011 opibus
625 3927 832 4011 recuperatis,
862 3936 990 3991 centum
1023 3923 1235 4012 quadraginta
1259 3923 1352 3987 annis

223 4032 350 4115 vixisse.
369 4031 455 4096 Nihil
483 4030 568 4095 enim
593 4031 625 4093 in
655 4030 704 4092 his
724 4029 872 4093 omnibus
898 4029 1057 4095 iuvenitur
1079 4025 1166 4113 quod
1191 4047 1249 4112 pro
1273 4047 1348 4090 vcra

262 4236 679 4329 (naraim.r.1ir,sea.a‚np.
695 4262 715 4324 1,
726 4269 737 4321 a
750 4265 791 4314 ra.

264 4344 297 4411 (2)
309 4346 452 4398 littrortuct.
466 4353 486 4397 t.
498 4343 540 4406 lll,
552 4357 606 4407 cap.
622 4344 662 4408 10,
677 4350 724 4394 art.
737 4345 761 4395 5.

416 4466 487 4571 m.
546 4450 654 4575 cys&
677 4432 782 4591 (yyy
807 4424 893 4621 pyt

593 4566 621 4672 s
721 4602 735 4643 r
