3166 4958
259 286 321 349 att
386 339 388 344 s
483 305 682 348 mraonucrro
700 305 847 353 susurrus
862 307 894 349 nt
913 305 938 348 s.
956 303 1155 356 semorum.

258 405 504 489 explicationum
520 406 809 470 naturalisticarum
826 406 917 469 Pauli
934 403 1211 489 Heidelbergensis
1226 402 1382 497 mitigata,

257 529 299 570 ne
312 508 445 571 nimium
463 529 556 572 aures
572 507 782 593 offenderent,
798 508 925 595 abjecto
942 509 1037 572 etiam
1051 505 1239 572 eruditionis
1253 527 1387 592 germa-

259 610 336 691 nicae
360 619 528 694 apparatu,
548 611 732 696 nuperrime
744 613 777 674 in
794 611 931 676 Galliam
948 612 1067 674 invexit
1082 611 1119 674 E.
1133 612 1261 693 aenan,
1282 610 1331 673 vir
1347 629 1388 672 ex

259 710 415 774 catholico
430 712 558 796 impius,
574 731 613 774 ex
625 710 712 775 fideli
725 711 874 795 infidelis,
889 712 1068 798 pantheista
1083 712 1147 774 imo
1162 720 1196 774 et
1209 711 1333 793 atheus,
1352 710 1386 772 in

258 814 468 879 famosissimo
486 815 569 881 libro
586 838 594 878 ε
611 815 715 880 Virdo
730 816 820 879 lesus
833 813 892 900 (1).
908 815 946 877 In
961 815 1023 878 hoc
1039 835 1137 898 opere
1155 811 1381 878 contradiction

257 938 312 980 nes
328 916 574 1002 sophismatibus
589 926 620 980 et
634 917 724 981 lalsis
737 917 905 1001 suppositis
921 916 1071 980 continuo
1092 916 1227 978 miscens
1240 926 1273 979 et
1294 914 1387 994 testi-¹

256 1020 363 1087 monia
376 1030 560 1104 pervertens
571 1028 627 1082 aut
638 1040 772 1083 erroneo
784 1027 941 1082 annotans
950 1018 1164 1105 valerauctor
1176 1016 1386 1102 apostolicam

255 1124 502 1207 Evangeliorum
516 1123 672 1207 originem
686 1122 818 1186 dubiam
831 1122 1042 1205 lacit,eorum
1052 1121 1272 1185 auctoritatem
1289 1129 1387 1205 prout

255 1245 336 1311 opus
358 1234 405 1289 est
429 1233 534 1289 servat
555 1225 607 1289 vel
627 1224 749 1310 abjicit,
769 1225 933 1288 historiam
957 1224 1178 1308 ermagelicam
1200 1225 1236 1287 ia
1259 1222 1386 1307 lepeodo

256 1322 415 1414 (lepeodes,
433 1328 517 1392 facta
534 1349 610 1391 vora
625 1328 791 1391 involucro
812 1325 921 1391 fictitio
935 1324 1047 1390 induta
1058 1334 1095 1389 et
1115 1325 1161 1390 sic
1182 1327 1215 1389 in
1235 1323 1385 1410 prodigia

256 1430 391 1514 mutata)
416 1431 572 1495 convertit
594 1439 625 1493 et
648 1439 746 1493 totam
769 1430 845 1494 Jesu
869 1429 982 1494 Christi
1010 1429 1107 1492 vitam
1122 1477 1131 1513 ,
1168 1426 1310 1492 indolem
1344 1449 1384 1492 ac

256 1532 446 1614 doctrinam,
468 1531 612 1616 destruit,
628 1530 760 1614 doeens,
778 1542 813 1595 nt
828 1532 905 1597 olim
923 1531 1087 1615 Ebionitae,
1102 1531 1211 1595 lesum
1226 1551 1293 1594 esse
1307 1551 1384 1593 me-

256 1655 329 1698 rum
353 1634 517 1697 hominem
542 1634 708 1697 Nazarethi
731 1655 769 1698 er
784 1634 925 1719 losepho
950 1644 981 1697 et
995 1634 1094 1698 Maria
1109 1643 1232 1716 uatum,
1250 1634 1304 1722 qui
1322 1633 1385 1696 fuit

257 1735 387 1822 quidem
404 1722 538 1800 rudis'et
554 1736 733 1820 illiteratus,
751 1734 806 1800 sed
830 1759 869 1800 ex
884 1737 1066 1800 amoenitate
1083 1736 1222 1821 regionis
1245 1735 1384 1809 Galilaeae

257 1839 475 1903 suavissimam
500 1837 642 1903 indolem
667 1838 995 1925 facundissimnmque
1018 1840 1080 1902 sibi
1102 1840 1266 1925 eloquium
1281 1838 1384 1903 effor-

166 1982 170 1989 -
255 1944 366 2025 mavit,
385 1944 428 2006 ita
444 1951 479 2006 ut
502 1952 568 2006 tem
593 1941 733 2006 facunde
754 1964 794 2006 ac
810 1945 952 2008 suaviter
969 1941 1157 2027 praedicaret
1173 1962 1308 2027 regnum
1323 1943 1383 2006 Dei

256 2065 311 2108 seu
330 2045 450 2108 cultum
464 2065 558 2109 mere
580 2043 732 2127 idealem,
748 2054 784 2109 ut
806 2042 848 2109 ad
865 2067 898 2109 se
915 2045 1078 2109 attraxerit
1096 2046 1266 2110 nonnullos
1280 2043 1385 2126 disei-¹

256 2147 348 2231 pulos
372 2147 460 2210 nulla
478 2168 513 2210 re
531 2146 590 2210 nisi
603 2148 714 2211 nativa
730 2145 871 2231 quadam
892 2146 1092 2231 simplicitate
1108 2146 1310 2231 conspicuos.
1326 2147 1384 2210 Isti
1442 2182 1445 2188 <

256 2248 414 2333 discipuli,
438 2250 514 2334 quia
534 2249 652 2312 Messiae
670 2250 794 2312 venturi
810 2247 883 2313 idea
896 2247 1213 2333 praeoccupabantur,
1228 2248 1287 2312 sibi
1303 2271 1384 2334 per-

255 2358 423 2413 suaserunt
453 2351 563 2413 Jesum
598 2371 664 2413 esse
692 2336 838 2414 Messiam
862 2351 985 2437 ipsique
1009 2352 1165 2416 miracula
1188 2350 1380 2420 tribuerunt.

256 2453 337 2545 lloq,
358 2454 505 2538 quamvis
520 2454 613 2518 sciret
635 2475 703 2517 esse
727 2454 856 2536 falsum,
874 2455 1016 2539 permisit
1033 2454 1136 2537 Jesus,
1151 2463 1184 2518 et
1206 2455 1384 2519 successive

255 2554 298 2616 ita
316 2552 357 2616 ab
371 2552 443 2616 idea
459 2575 516 2617 sua
531 2555 655 2619 illectus
674 2554 744 2637 fuit,
762 2564 809 2637 ut,
821 2553 892 2640 jam
910 2577 975 2619 nen
998 2556 1136 2640 amplius
1148 2564 1255 2619 mente
1271 2575 1381 2642 sanus,

145 2652 148 2656 ’
255 2654 288 2718 in
312 2653 538 2718 absurdissima
563 2676 698 2741 quoeqnc
717 2677 858 2741 praeceps
881 2668 998 2742 rueret,
1020 2656 1171 2723 adversus
1191 2650 1382 2743 Pharisaeos,

255 2758 371 2842 legem,
385 2759 554 2842 templum,
571 2757 763 2842 sacerdotes,
777 2759 983 2845 gubernium,
999 2760 1097 2825 verba
1111 2761 1241 2825 laceret.
1257 2761 1381 2847 Exque

255 2861 377 2924 lactum
401 2873 448 2926 est
470 2872 505 2926 ut
522 2862 662 2949 (quadam
681 2864 866 2928 necessitate
881 2867 1035 2950 compulsi
1059 2865 1188 2929 Pontius
1206 2864 1325 2929 Pilatus
1348 2875 1383 2930 et

254 2962 355 3027 Judaei
368 2965 472 3050 ipsum
486 2976 627 3030 extremo
640 2968 744 3031 erucis
756 2968 912 3052 supplicio
926 2966 1186 3032 condemnarent.
1202 2967 1383 3033 Colloeatus

255 3068 287 3129 in
309 3068 454 3152 sepulcro
478 3069 570 3133 Jesus
586 3091 753 3154 nunquam
777 3071 878 3155 potuit
902 3070 1016 3135 exinde
1039 3093 1072 3135 se
1097 3072 1232 3156 eripere3
1250 3068 1304 3133 sed
1322 3092 1382 3136 suo

254 3163 365 3233 amore
381 3169 491 3234 delusa
508 3173 607 3236 Maria
626 3170 815 3258 Magdalena
831 3184 863 3237 et
882 3175 1049 3258 phantasia
1070 3196 1127 3238 sua
1146 3173 1270 3259 decepti
1289 3173 1385 3240 disei-

254 3272 413 3355 pulicum
430 3276 666 3339 ressuscitatum
685 3274 890 3339 crediderunt
909 3286 939 3340 et
959 3275 1183 3362 praedicarunt.
1210 3277 1285 3340 Haec
1308 3290 1386 3343 sunt

255 3374 380 3437 Renani
393 3374 619 3440 absurdissima
632 3377 782 3461 figmenta
796 3399 834 3441 ex
852 3379 957 3441 mixtis
971 3379 1094 3464 placitis
1104 3379 1194 3442 Pauli
1208 3387 1239 3442 et
1251 3377 1384 3444 Straus-

253 3475 291 3539 sii
306 3476 463 3559 conlecta,
473 3475 545 3562 jam
558 3478 634 3542 alibi
648 3500 666 3543 a
680 3480 773 3543 nohis
788 3479 976 3568 confutata(
1000 3481 1023 3567 ).

288 3740 322 3804 (t)
343 3757 353 3786 a
367 3741 487 3791 L'auteur
501 3739 534 3789 de
548 3746 587 3790 eet
597 3753 715 3806 ouvrage,
731 3742 872 3793 insauciant
883 3743 914 3794 de
926 3743 949 3794 lo
965 3754 1021 3810 part
1035 3745 1129 3810 qu'une
1145 3749 1213 3800 main
1223 3749 1384 3814 apostolique

254 3830 315 3886 peut
328 3823 396 3872 avoir
407 3824 473 3885 prise
488 3832 502 3873 a
518 3823 542 3872 la
557 3823 684 3873 seduction
698 3824 730 3874 de
746 3825 893 3889 t’Evangite,
909 3833 935 3877 et
954 3830 1030 3892 guide
1049 3843 1094 3893 par
1107 3843 1148 3882 ses
1161 3832 1277 3896 prejuges
1291 3840 1382 3884 contre

253 3910 278 3958 ta
289 3908 423 3958 revelation
436 3916 461 3958 et
480 3910 516 3971 tes
533 3896 657 3970 miracles,
671 3923 695 3971 a,
710 3924 755 3974 par
766 3924 816 3961 une
831 3912 1024 3976 interpretation
1038 3929 1095 3967 sans
1108 3916 1177 3981 regie
1193 3919 1340 3979 rimemus,
1353 3927 1383 3970 et

254 4003 305 4040 nne
315 3989 477 4053 imaginatiou
489 3990 572 4053 pleine
584 3991 615 4040 de
629 3989 749 4052 frivolite,
764 3988 912 4045 translitrme
926 4008 958 4045 en
973 3997 1122 4048 cartcotore
1136 3998 1257 4050 t'histoire
1271 3999 1382 4065 evange-

253 4072 324 4134 lique
335 4078 361 4120 et
373 4084 416 4120 son
428 4071 510 4121 heros.
527 4089 538 4118 v
553 4071 726 4132 Tischendorf,
743 4073 830 4125 litora
844 4077 955 4127 ,worden
965 4090 1058 4130 trusere
1075 4079 1231 4146 anttpetiett
1242 4081 1382 4144 versarat?

254 4166 279 4215 p.
293 4151 316 4202 Ξ.
330 4154 359 4203 3²
372 4154 412 4204 ed.
428 4153 584 4216 Liparaea
1374 4163 1377 4168 “

288 4233 323 4297 (2)
335 4235 391 4285 vid.
407 4224 560 4301 t’evanyue
572 4241 594 4286 et
612 4237 637 4287 to
655 4238 771 4303 critique.
788 4213 946 4293 anmende
963 4242 990 4293 to
1005 4242 1048 4295 Vis
1058 4244 1089 4296 dc
1099 4244 1173 4297 lesos
1185 4245 1216 4297 de
1226 4244 1263 4297 M.
1282 4244 1380 4297 arms

253 4315 351 4367 lisono.
366 4316 478 4379 Matines,
492 4317 563 4368 1864.
1004 4328 1008 4333 ·
