3142 4964
292 318 334 381 48
522 330 723 377 mraonocno
739 333 886 375 sancitus
902 334 934 374 m
951 334 976 376 a.
996 333 1195 377 scnrrrumu.

292 437 359 500 Noe
378 437 581 521 quadruplata
602 443 633 497 ct
649 444 693 497 ter
708 445 820 517 septem
834 434 909 505 dice,
922 441 953 495 et
971 433 1079 517 elapsa
1100 445 1171 518 post
1185 435 1253 498 baec
1269 437 1423 519 temporis

292 559 384 601 mora
415 539 447 600 in
474 547 562 601 textu
585 534 672 599 band
695 533 844 616 definita,
869 534 999 599 tandem
1025 558 1064 599 ex
1087 558 1163 601 arca
1186 538 1317 601 exivisse
1340 560 1422 611 uarro

293 641 503 703 sexcentesimo
523 640 634 721 primo,
656 639 758 721 primo
781 659 903 709 mense,
926 639 1098 722 primodie
1121 642 1244 703 mancia.
1267 639 1299 702 si
1326 641 1423 724 igitur

293 740 392 803 mensi
410 737 536 803 decimo
560 740 681 802 ineunti
706 739 791 801 ultra
807 738 845 800 61
869 737 937 801 dies
954 737 1117 802 addideris
1129 739 1200 825 jam
1224 740 1257 804 in
1279 732 1423 804 mensem

292 845 355 906 12ηι
371 842 562 926 deduceris3
581 841 727 926 adeoque
753 862 857 905 annus
875 840 944 926 jam
968 851 1045 905 tunc
1069 842 1240 907 duodecim
1263 845 1423 909 mensium

136 942 143 953 “
208 951 211 956 ’
293 944 389 1008 fuerit
404 966 532 1009 necesse
549 954 607 1008 est.
1272 926 1293 948 ⁸
1358 1023 1361 1032 ,

306 1028 391 1144 [84.
410 1047 482 1131 Otj.
498 1050 542 1112 6⁰.
557 1047 713 1111 Fabulosa
732 1057 779 1111 est
791 1047 932 1111 narratio
945 1049 1085 1111 mosaica
1098 1047 1138 1112 de
1151 984 1423 1142 diluviqffcnim

292 1148 480 1213 incredibile
498 1158 544 1213 est
559 1150 626 1239 Noe
638 1168 762 1232 ‚congre
784 1170 821 1211 ar
861 1149 999 1232 potuisse
1022 1170 1061 1212 ex
1076 1151 1225 1213 universa
1249 1160 1332 1213 terra
1347 1151 1425 1214 bina

293 1250 449 1336 cujusque
473 1231 589 1334 speciei
608 1250 783 1313 animalia·
844 1249 997 1314 credibile
1022 1260 1068 1313 est
1087 1271 1197 1314 arcam
1217 1271 1328 1314 omnes
1351 1254 1427 1315 ani-

292 1353 426 1416 malium
447 1353 569 1437 species
592 1372 665 1415 cum
691 1350 770 1414 cibis
793 1352 868 1435 ipsis
889 1349 1076 1434 perdecem
1099 1373 1222 1415 menses
1240 1353 1427 1416 necessariis

292 1456 435 1539 recipere
458 1422 830 1539 potuisseffiredibile
854 1463 901 1515 est
923 1464 995 1517 octo
1019 1463 1142 1517 tantum
1161 1476 1201 1538 pe
1298 1476 1426 1518 scuras

292 1569 338 1625 tot
365 1560 558 1623 animalibus
585 1559 753 1644 requisitas
777 1558 1017 1623 subministrare
1045 1475 1425 1642 potuissefficaredihile

292 1663 432 1747 denique
449 1673 495 1727 cst
514 1672 633 1726 tantam
652 1663 748 1725 fuisse
766 1682 925 1746 aquarum
942 1662 1068 1743 copiam
1085 1671 1117 1724 ul
1138 1662 1282 1725 altissimi
1297 1671 1425 1724 montes

293 1763 330 1826 iis
347 1771 560 1852 tegerentur.)

336 1866 388 1929 85.
407 1867 496 1949 Resp.
518 1866 663 1929 Narratio
679 1866 819 1928 mosaica
835 1885 946 1928 omnes
969 1863 1080 1928 diluvii
1104 1866 1355 1929 circumstantias
1378 1867 1423 1928 ita

174 1946 184 1995 f
212 1976 226 2015 ⁸·
292 1979 440 2032 accurate
455 1968 605 2032 describit
620 1978 655 2031 ut
679 1967 758 2031 nibil
780 1968 813 2030 in
835 1988 871 2030 ea
894 1967 1039 2030 fabulam
1056 1925 1422 2134 sapiatssuumautem

292 2072 376 2135 lleus
399 2073 475 2135 huic
499 2073 625 2135 eventui
643 2072 834 2135 miraculose
855 2070 1045 2152 interfuerit,
1068 2071 1166 2155 siqui
1207 2070 1294 2155 quod
1311 2072 1422 2134 incre-

291 2172 390 2237 dibile
412 2172 560 2238 videatur
582 2183 740 2256 occurrat,
765 2172 881 2236 divinae
903 2174 1050 2257 potent-iae
1062 2222 1071 2253 ,
1097 2174 1146 2246 eui
1171 2174 1246 2236 talia
1270 2173 1423 2257 impossi-

291 2276 368 2341 bilia
400 2299 464 2340 non
488 2287 571 2359 sunt,
597 2275 802 2341 tribuendum
828 2284 884 2339 est.
911 2276 988 2358 Quis
1011 2277 1097 2338 enim
1120 2285 1214 2360 neget
1237 2276 1338 2339 Deum
1363 2277 1420 2359 qui

292 2380 380 2444 initio
405 2380 512 2443 omnia
535 2380 686 2442 animalia
707 2400 816 2442 coram
832 2376 959 2451 Adamo
977 2378 1040 2441 sisti
1057 2378 1158 2441 voluit
1176 2387 1210 2440 ut
1226 2378 1270 2440 eis
1289 2377 1420 2441 uomina

292 2480 483 2564 imponeret,
498 2502 563 2544 nou
575 2480 713 2564 potuisse
727 2501 764 2541 ea
780 2478 929 2542 etiamad
943 2480 1009 2543 Noe
1047 2477 1200 2563 dducere,
1216 2489 1246 2543 et
1258 2481 1291 2543 in
1309 2480 1417 2544 locum

292 2580 445 2646 idoneum
469 2602 676 2666 congregare,
702 2583 726 2643 si
749 2603 877 2645 necesse
902 2501 1124 2663 fueritffdfiuis
1142 2592 1237 2666 neget
1253 2584 1357 2645 Deum
1379 2603 1417 2645 ea

292 2685 325 2747 in
340 2685 516 2769 auguratiori
533 2685 604 2749 loco
617 2683 782 2748 includere
796 2694 827 2747 et
839 2706 897 2769 per
914 2706 1037 2749 menses
1051 2704 1240 2747 conservare
1255 2650 1425 2798 potuissfi

178 2860 187 2875 Ι
208 2814 213 2819 ·
293 2786 456 2871 Scriptura
479 2786 556 2851 dicit
577 2810 584 2849 r
605 2788 699 2871 Rapit
717 2799 788 2850 aunt
808 2809 914 2861 outae)
931 2790 1029 2871 fontes
1048 2787 1151 2872 abyssi
1168 2809 1296 2872 tropaea,
1313 2800 1341 2850 ct
1362 2810 1418 2851 co-

293 2901 414 2954 torcctoe
446 2891 512 2954 coelt‘
538 2902 651 2975 opertae
684 2902 766 2953 saort.
782 2856 1161 2987 ffiuisffprofunditatem
1194 2892 1278 2954 illius
1313 2890 1416 2975 abyssi

293 2992 455 3057 dimensus
478 2993 551 3056 est?
572 2994 643 3077 quis
666 2994 846 3056 numeravit
872 3014 972 3077 aquas
999 2995 1031 3056 in
1055 2995 1134 3057 coelo
1156 2993 1358 3078 pendentes?
1380 2995 1417 3056 ln

292 3099 397 3181 primo
413 3094 524 3159 mundi
539 3094 670 3159 exordio
686 3117 776 3180 aquae
792 3105 890 3160 totam
911 3106 1029 3159 terram
1046 3096 1262 3179 involvebant,
1278 3118 1335 3161 cnr
1353 3119 1419 3160 non

292 3198 474 3262 sufficerent
500 3197 542 3261 ad
565 3219 637 3262 eam
661 3197 767 3262 denuo
790 3174 1036 3293 mergendam]
1048 3199 1292 3264 Observandum
1310 3209 1418 3263 autem

293 3309 339 3367 est
352 3320 416 3361 non
429 3300 536 3361 omnia
549 3299 699 3362 animalia
712 3301 745 3362 in
757 3320 832 3362 arca
846 3300 941 3363 fuisse
954 3298 1160 3383 includenda,
1175 3300 1232 3364 sed
1244 3322 1282 3365 ca
1294 3310 1419 3364 tantum

293 3421 364 3486 quae
391 3402 423 3462 in
444 3402 538 3485 aquis
560 3423 624 3465 non
648 3403 758 3464 vivunt
780 3413 835 3465 aut
858 3423 954 3486 super
976 3423 1029 3465 eas
1053 3412 1163 3466 natare
1187 3425 1251 3467 non
1273 3413 1417 3487 possunt,

293 3504 401 3589 qualia
420 3513 492 3566 sunt
515 3506 675 3589 plcraequc
696 3527 795 3586 eves,
814 3507 968 3589 pleraque
993 3504 1214 3590 quadrupedia
1239 3515 1270 3569 et
1292 3505 1419 3588 reptilia

293 3610 464 3672 terrestria.
485 3610 586 3673 Porro
603 3609 791 3674 Tbevenard
811 3611 887 3675 inito
909 3612 1032 3675 calculo
1050 3609 1279 3674 demonstravit
1296 3617 1419 3673 tantam

293 3713 389 3777 fuisse
402 3734 484 3776 arcae
502 3715 710 3797 capacitatem
724 3725 758 3778 ut
774 3713 932 3778 sufficeret
945 3713 1107 3798 capiendis
1124 3714 1272 3779 omnibus
1289 3715 1419 3777 anima-

293 3815 372 3878 lium
385 3814 551 3899 speciebus
572 3815 667 3879 hodie
682 3818 773 3899 notis,
792 3838 872 3902 quas
884 3817 996 3880 saltem
1010 3817 1052 3880 ab
1073 3818 1164 3902 aquis
1177 3838 1304 3880 servare
1320 3837 1419 3901 opor·
1513 3885 1519 3893 ,

282 3919 391 4011 jebal,
420 3938 493 3981 cum
517 3917 595 3981 cibis
617 3921 814 4001 necessariis,
840 3921 949 4004 amplo
972 3930 1158 3983 remanente
1180 3921 1280 4004 spatio
1301 3912 1416 3982 vacuo.
1448 3981 1456 3988 ,

130 4004 191 4123 Ἠ)
210 4074 216 4087 .
264 3976 383 4111 [idem
396 4029 507 4083 auctor
519 4019 668 4084 observat
683 4021 811 4085 difficile
824 4045 888 4086 non
902 4023 998 4085 luisse
1011 4033 1046 4084 ut
1059 4023 1090 4084 in
1103 4044 1179 4086 arca
1190 4044 1241 4085 res
1254 4024 1296 4086 ita
1309 4021 1419 4105 dispo·
1470 4062 1475 4065 -

148 4120 176 4145 ‘⁴
225 4090 233 4153 ἱ
292 4130 445 4184 narentur
465 4131 500 4184 ut
523 4143 608 4207 aqua
627 4123 697 4186 coeli
713 4123 878 4187 canalibus
902 4122 1039 4187 deducta
1061 4123 1209 4188 omnibus
1226 4123 1420 4187 animalibus

292 4233 404 4310 potum
428 4223 584 4309 praebcret
608 4224 730 4311 absque
753 4228 905 4312 requisito
928 4226 1066 4289 bominis
1089 4227 1275 4308 ministerio,
1297 4234 1332 4288 ut
1355 4224 1419 4289 cibi

293 4334 406 4412 presto
424 4336 528 4391 essent
547 4335 578 4390 et
597 4326 789 4413 quotidianae
809 4330 861 4392 vix
881 4328 1120 4414 requirerentur
1134 4329 1302 4393 hominum
1320 4314 1435 4485 carrd}
