3142 4964
467 345 541 387 raas
561 346 584 387 1.
604 346 697 387 carun
713 347 747 387 ιι.
764 345 801 385 nn
816 345 1020 395 sonorosus.
1264 326 1304 388 57

173 441 297 506 ideireo
312 442 468 506 conscribi
483 443 622 527 oportuit
634 443 739 506 statim
752 452 920 527 postquam
935 444 1059 527 prolata
1072 443 1212 506 fuerunt.
1229 443 1306 524 Quis

172 555 285 609 autem
303 547 366 610 hoe
382 546 496 618 melius
509 545 634 608 efficere
649 547 751 629 potuit
768 566 865 630 quam
879 547 946 630 ipse
960 544 1081 610 Josue?
1100 546 1178 627 Quis
1193 548 1316 610 melius'

175 667 278 731 quam
296 648 364 732 ipse
380 648 477 710 Josue
495 648 596 731 potuit
611 647 732 710 referre
750 648 960 711 minutissIma
978 648 1096 732 quaevis
1110 658 1305 733 temporum,

176 771 389 834 personarum
406 760 437 813 et
450 750 594 814 Iocorum
606 748 770 836 adjuncta,
790 770 861 835 quae
878 750 945 813 sola
960 748 1129 814 traditione
1144 752 1197 814 vix
1212 772 1251 813 ae
1267 772 1306 813 ne

177 852 232 913 vix
245 849 376 937 quidem
394 853 513 915 servari
529 825 750 945 potuissentss

224 954 257 1017 6.
277 952 350 1038 obj.
372 956 472 1017 1·.1n
495 954 577 1017 libro
601 954 697 1017 Josue
719 955 799 1042 tales
819 955 1023 1017 inveniuntur
1047 953 1309 1038 locutionesque

179 1055 324 1121 indicant
352 1060 485 1143 longum
509 1059 660 1143 temporis
686 1058 889 1121 intervallum
912 1054 1067 1119 effluxisse
1095 1058 1308 1131 interranum

180 1167 313 1222 eventus
336 1180 513 1245 earumque
531 1160 759 1223 narrationem.
778 1159 829 1222 Sie
850 1168 1018 1242 postquam
1042 1159 1184 1221 narravit
1199 1165 1310 1220 auctor

179 1260 340 1323 Israelitas
361 1261 445 1324 sicco
461 1258 544 1345 pede
563 1259 738 1324 Iordanem
758 1260 917 1323 transiisse
936 1267 968 1322 et
985 1259 1081 1322 Josue
1102 1261 1135 1322 in
1152 1257 1248 1344 hujus
1262 1261 1309 1322 rei

180 1363 373 1426 memoriam
390 1362 562 1427 duodecim
580 1362 702 1448 Iapides
725 1364 758 1424 in
776 1361 925 1426 Iordanis
942 1362 1034 1425 alveo
1051 1364 1198 1443 erexisse,
1220 1359 1311 1424 addit

181 1466 270 1550 (cap.
291 1465 346 1548 IV,
372 1465 406 1550 9)
421 1477 448 1529 et
470 1478 541 1530 suat
557 1465 600 1528 ibi
614 1487 709 1550 usque
723 1468 756 1528 in
771 1477 949 1549 presentem
970 1465 1061 1528 diem.
1080 1463 1201 1528 Eadem
1217 1465 1311 1539 locu,-

181 1568 226 1631 tio
244 1570 382 1632 occurrit
397 1590 490 1654 eapp.
512 1569 552 1649 V,
572 1569 591 1632 9
599 1594 608 1652 3
634 1569 691 1651 VI,
710 1569 768 1652 253
788 1569 875 1650 VIII,
895 1568 1031 1649 2931x,
1051 1568 1110 1649 273
1134 1568 1222 1651 XIII,
1246 1568 1309 1650 153

181 1670 254 1753 XV,
272 1670 332 1753 653
350 1670 436 1751 XVI,
464 1671 516 1733 10.
536 1670 620 1734 Hine
644 1680 778 1756 apparet
795 1671 912 1734 librum
935 1670 1030 1733 Josue
1056 1672 1179 1734 nonnisi
1203 1679 1311 1755 postea

182 1772 282 1834 fuisse
301 1771 513 1836 elaboratum.

229 1874 261 1936 7.
280 1875 371 1960 Resp.
386 1872 579 1959 Hujusmodi
598 1875 773 1939 locutiones
790 1875 873 1939 bene
891 1874 1037 1939 adhiberi
1054 1884 1195 1958 possunt,
1216 1874 1312 1939 modo

182 1974 308 2059 aliquot
336 1976 411 2038 anni
435 1974 614 2039 effluxerint
630 1976 673 2040 ab
694 1987 810 2040 eventu
833 1978 891 2059 rei,
914 1987 949 2039 ut
971 1975 1108 2039 diximus
1131 1997 1227 2060 supra
1250 1976 1312 2060 (1).

183 2075 295 2157 Quum
319 2086 426 2140 autem
447 2078 545 2141 Josue
565 2077 683 2140 librum
701 2098 794 2141 suurn
809 2077 988 2141 exaraverit
1007 2078 1091 2140 eirca
1113 2077 1223 2139 ultima
1242 2077 1314 2138 vitae

184 2200 251 2242 suae
279 2172 435 2264 tempora,
460 2179 542 2243 bene
565 2181 667 2264 potuit
690 2179 806 2242 talibus
833 2178 1045 2243 locutionibus
1074 2179 1132 2241 uti.
1158 2179 1226 2241 Imo
1249 2179 1314 2241 istae

183 2282 363 2345 locutiones
381 2283 553 2367 prohibent
570 2303 609 2345 ne
628 2280 773 2346 dieamus
789 2282 907 2346 librum
928 2280 984 2344 diu
1003 2290 1074 2365 post
1088 2281 1184 2344 Josue
1200 2282 1315 2345 eonfe-

185 2392 286 2447 etum.
305 2383 385 2462 Nam
404 2404 442 2446 eo
460 2404 537 2446 casu
552 2392 664 2447 auctor
690 2404 753 2447 non
783 2384 936 2468 potuisset
956 2400 1097 2446 asserere
1120 2382 1265 2447 natu...
1289 2395 1316 2447 et

184 2486 309 2548 domum
322 2490 421 2570 patris
434 2487 499 2569 ejas
511 2484 691 2549 habitavisse
707 2488 739 2547 iu
751 2487 848 2550 medio
860 2485 968 2559 lsrael,
986 2507 1080 2570 usque
1095 2488 1127 2548 ia
1140 2499 1317 2569 presentem
1415 2489 1417 2492 ⁴

185 2589 268 2651 diem
284 2587 332 2673 (ἓ)
348 2597 444 2673 atque
462 2589 582 2651 interea
600 2588 691 2651 silere
712 2586 753 2651 de
770 2587 838 2673 ejus
859 2590 976 2674 nuptiis
995 2608 1069 2651 oum
1085 2588 1234 2652 Salmone
1253 2588 1313 2674 (ὅ).

186 2689 300 2774 Neque
322 2690 490 2775 probabile
525 2699 572 2753 est
602 2688 724 2774 Iapides
748 2691 829 2754 intra
851 2691 1027 2756 Iordanem
1050 2700 1171 2754 erectos
1199 2689 1317 2755 diutius

187 2792 372 2855 sustinuisse
388 2794 564 2877 praecipites
582 2791 723 2856 fluminis
737 2814 850 2879 aquas.
917 2822 920 2829 ·

236 2895 267 2957 8.
294 2893 366 2978 Obj.
387 2896 430 2958 2⁸.
451 2895 571 2979 Saepius
587 2897 619 2957 in
635 2894 718 2958 libro
741 2894 837 2959 Josue
856 2904 1028 2958 occurrunt
1042 2895 1173 2958 nomina
1188 2893 1318 2957 urbium

188 3005 222 3060 et
234 2998 401 3080 regIonum
415 3019 486 3083 quar
498 3006 622 3060 aetatem
635 2996 775 3083 produnt
786 2998 882 3062 Josue
895 2996 1116 3061 recentiorem.
1127 2993 1319 3082 Hujusmodi

187 3107 265 3162 sunt
275 3100 405 3163 nomina
417 3099 562 3180 Hebron,
580 3098 691 3182 Dahir,
709 3101 819 3185 Tyrus,
837 3099 980 3181 Galilaea,
995 3099 1070 3181 alia,
1087 3120 1158 3185 quae
1174 3120 1213 3162 ex
1230 3099 1320 3162 libris

187 3204 317 3286 Regum
337 3202 515 3267 recentiore
532 3224 599 3267 esse
616 3212 750 3296 constat.

235 3305 267 3368 9.
285 3306 376 3389 Resp.
396 3306 472 3369 Haeo
497 3307 584 3392 vario
608 3304 706 3370 modo
729 3306 881 3390 explicari
903 3315 1045 3390 possunt.
1071 3306 1152 3370 Nam
1183 3306 1235 3368 vel
1263 3307 1322 3368 ista

188 3408 321 3470 nomina
334 3408 368 3471 in
380 3406 468 3471 libris
480 3410 607 3493 Regum
623 3430 688 3473 nou
704 3407 872 3494 designant
888 3407 1018 3472 easdem
1037 3408 1144 3490 urbes,
1160 3417 1195 3470 ut
1210 3407 1322 3471 dieen-
1359 3399 1362 3405 ’

190 3507 272 3571 dum
287 3518 333 3572 est
348 3508 389 3572 de
405 3509 497 3594 Tyro,
517 3512 569 3574 vel
583 3511 680 3575 urbes
699 3509 871 3596 designata
896 3508 960 3574 duo
984 3510 1104 3575 hebent
1128 3510 1270 3593 nomina,
1288 3519 1323 3574 ut

190 3612 400 3675 manifestum
417 3621 463 3675 est
480 3610 521 3676 de
538 3612 670 3678 Hebron
696 3623 726 3677 et
749 3613 871 3696 Dabir3
898 3613 1037 3678 Galilaea.
1054 3621 1161 3676 autem
1184 3613 1217 3676 in
1240 3612 1322 3676 libro

151 3728 152 3731 ’
190 3714 290 3778 Josue
314 3736 432 3779 nomen
446 3724 502 3778 *est
525 3736 708 3799 commune,
735 3715 835 3801 quod,
854 3725 925 3801 post
949 3717 1164 3801 captivitatem
1183 3715 1323 3800 Babylo-

190 3819 313 3901 nicam,
335 3819 521 3882 factumest
544 3818 762 3884 determinatae
781 3820 918 3904 regionis
933 3822 1111 3904 proprium.
1128 3819 1211 3901 FIeri
1227 3819 1323 3881 etiam

190 3921 297 4005 potuit
313 3930 348 3983 ut
362 3919 477 3984 Fsdras
494 3922 636 3986 obsoleta
654 3920 803 4008 quaedam
819 3923 949 3986 nomina
964 3922 1189 3987 immutaverit.

228 4183 265 4249 (1)
277 4186 358 4249 Supra
371 4200 395 4249 p.
409 4185 450 4237 25.

230 4266 442 4331 fflmstffi

229 4348 267 4413 (ὅ)
277 4347 371 4399 Marta.
385 4350 404 4410 Ι,
417 4352 442 4401 5.
