3168 4948
298 318 373 361 raas
383 319 420 368 11,
434 295 529 363 eurus
542 320 572 362 v.
589 320 628 361 ns
638 319 872 370 ouaruennrcru
884 318 910 360 s.
928 317 1018 359 raum
1034 317 1193 364 umeroers.
1255 301 1319 366 525

187 428 218 481 et
232 416 388 499 Ciliciam,
408 416 600 481 confirmans
620 418 734 482 ecclesi
744 440 770 481 rs
791 427 822 481 ot
841 417 1028 502 praecipiens
1051 416 1211 482 custodire
1232 441 1318 505 prae-

188 530 281 605 cepta
298 519 524 604 Apostolorum
542 529 574 582 et
594 520 762 585 Saniorum
776 521 835 603 (l).
854 521 1002 582 Pervenit
1020 529 1127 582 autem
1145 522 1273 586 Derben
1291 532 1321 586 ct

187 624 343 707 Lystram,
360 621 417 686 ubi
429 624 599 706 assumpsit
617 644 726 687 secum
746 623 948 686 Timotheum
962 642 1057 706 quem
1075 632 1106 685 et
1122 623 1321 689 circumcidit

187 734 319 808 propter
340 722 480 789 Judaeos.
507 723 586 788 lude
607 726 747 809 perrexit
770 726 803 788 in
826 725 998 809 Phrygiam
1019 734 1050 788 et
1072 724 1244 810 Galatiam,
1264 728 1320 793 ubi

85 844 87 848 ⁴
187 829 397 913 Evangelium
414 827 611 914 praedicavit.
626 828 763 895 Volebat
780 830 875 892 etiam
888 828 1006 890 Paulus
1022 827 1180 892 Christum
1196 832 1229 893 in
1246 831 1321 894 Asia

187 933 390 1013 annuntiare,
405 929 462 994 sed
479 930 658 1015 prohibitus
677 930 737 994 fuit
753 954 771 994 a
790 930 909 1015 Spiritu
922 930 1050 993 Sancte.
1071 930 1178 1011 Quum
1197 943 1318 1014 autem,

160 1115 166 1123 Ι
188 1044 346 1098 transacta
371 1035 480 1119 Mysia,
498 1035 635 1097 venisset
657 1030 828 1115 Troadem,
849 1033 965 1096 coelesti
985 1033 1103 1096 visione
1127 1032 1318 1117 admonitus,

188 1147 222 1200 ut
235 1138 381 1203 transiret
393 1139 427 1201 in
444 1135 665 1202 Macedoniam
681 1137 790 1199 navim
804 1134 958 1206 ascendit.
977 1137 1093 1201 comite
1111 1139 1206 1201 etiam
1220 1140 1317 1220 Luca,

188 1249 217 1302 et
240 1250 327 1304 recto
352 1260 447 1304 cursu
463 1240 550 1302 venit
569 1238 836 1321 Samothraciam,
853 1240 999 1323 sequenti
1023 1226 1074 1303 die
1099 1240 1268 1326 Neapolim
1289 1252 1320 1306 et

188 1339 262 1405 inde
277 1342 453 1426 Philippos,
468 1340 523 1404 ubi
537 1341 660 1425 aliquot
672 1339 787 1405 diebus
802 1339 986 1426 praedicavit
1002 1350 1032 1405 et
1049 1341 1196 1407 fundavit
1208 1345 1319 1409 Eccle-

189 1444 268 1507 siam
284 1443 344 1529 (2).

233 1549 264 1610 9.
278 1547 409 1611 Relictis
425 1546 467 1610 ob
486 1547 740 1632 persecutionem
756 1547 922 1631 Philippis,
940 1546 1059 1610 Paulus
1074 1569 1148 1613 cum
1163 1550 1228 1614 Sila
1241 1572 1320 1635 per·
1372 1623 1375 1630 ¹

122 1718 124 1722 ,
189 1651 268 1713 rexit
281 1649 552 1731 Thessalonicam,
568 1648 685 1713 deinde
701 1650 859 1729 bertram,
878 1651 911 1712 in
929 1650 1046 1726 quibus
1063 1651 1242 1716 civitatibus
1262 1676 1320 1718 ee-

188 1753 299 1817 clesias
313 1750 470 1815 fundavit.
484 1752 614 1814 Interim
629 1753 731 1816 Lucas
744 1760 774 1815 et
791 1751 981 1833 Timotheus,
998 1760 1031 1817 ut
1043 1752 1180 1836 ridetur,
1195 1756 1319 1840 Philip-

189 1856 236 1939 pis
266 1863 498 1920 remanserant.
530 1854 715 1919 Timotheus
746 1865 854 1918 tamen
878 1855 998 1918 Beroeae
1021 1877 1096 1919 eum
1120 1858 1221 1921 Paulo
1246 1859 1317 1941 fuit,

189 1957 297 2043 ibique
310 1958 474 2039 remansit,
495 1956 573 2021 dum
587 1958 718 2039 Paulus,
734 1955 776 2020 ob
793 1978 892 2020 novas
909 1957 1060 2020 excitatas
1080 1979 1099 2020 a
1114 1957 1234 2023 Judaeis
1246 1969 1320 2022 tur-

189 2060 258 2143 bas,
277 2083 297 2125 a
313 2061 492 2124 christianis
509 2058 741 2144 perduceretur
753 2080 855 2143 usque
871 2059 1026 2141 Athenas,
1040 2059 1098 2132 ubi
1110 2061 1320 2145 Evangelium

189 2156 374 2248 praedieavit
392 2163 489 2227 etiam
507 2163 540 2224 in
557 2161 743 2246 areopago(
769 2161 791 2244 ).

234 2267 287 2330 lt).
305 2266 380 2329 Post
396 2266 465 2328 haee
487 2285 633 2348 egressus
656 2264 699 2328 ab
721 2264 853 2327 Athenis
874 2263 992 2327 Paulus
1013 2266 1100 2328 venit
1118 2264 1318 2346 Corinthum,

189 2369 245 2433 ubi
268 2367 349 2431 sedit
369 2389 428 2451 per
451 2367 611 2450 integrum
634 2386 755 2429 annum
778 2373 809 2428 et
831 2385 886 2426 sex
910 2364 1035 2437 menses
1059 2376 1114 2450 et,
1146 2369 1254 2430 multis
1277 2367 1320 2431 ad

183 2472 285 2550 fidem
316 2471 501 2552 conversis,
532 2470 702 2534 eeclesiam
727 2467 884 2532 fundavit.
911 2469 994 2533 Dum
1018 2479 1126 2540 autem
1149 2471 1319 2535 Corinthiis

187 2579 231 2641 ita
255 2576 414 2640 Christum
442 2572 660 2659 praedicabat,
686 2573 804 2636 Paulus
826 2594 842 2635 a
865 2574 1031 2637 Timotheo
1056 2582 1087 2637 et
1104 2575 1192 2655 Sila,
1216 2576 1272 2660 qui
1301 2597 1319 2638 e

82 2670 88 2683 ’
189 2677 376 2744 ldaeedouia
392 2676 436 2741 ad
455 2678 560 2762 ipsum
580 2685 746 2758 venerant,
770 2675 885 2738 eertior
905 2675 1007 2739 sactus
1027 2673 1067 2740 de
1084 2685 1167 2740 statu
1186 2679 1320 2740 novellae

89 2844 94 2851 .
134 2858 143 2865 „
188 2781 518 2847 Thessalonicensium
540 2778 694 2861 ecelesiae,
713 2798 804 2841 suam
823 2781 958 2862 priorum
978 2780 1103 2864 scripsit
1127 2780 1166 2842 ad
1188 2780 1320 2843 Thesea·
1393 2803 1399 2810 ³

187 2884 351 2948 lerinenses
376 2882 558 2968 Epictetum.
585 2881 667 2962 Quia
686 2902 761 2944 vero
789 2880 942 2943 commoti
963 2880 1091 2943 fuerant
1115 2881 1321 2943 Thessaloni-

190 3008 299 3051 censes
323 3008 381 3070 per
401 2987 540 3071 primam
564 2986 654 3049 illam
675 2984 862 3069 Epistolam,
885 2983 1043 3046 recaredum
1069 2981 1110 3046 ad
1132 3004 1186 3046 eos
1201 2983 1320 3047 Paulus

188 3087 315 3170 direxit,
331 3096 367 3153 ut
382 3109 436 3151 ees
451 3087 493 3150 de
509 3085 573 3151 fide
589 3087 691 3171 magis
704 3083 864 3166 edoceret,
880 3092 911 3147 et
922 3084 956 3147 in
969 3083 1227 3148 tribulationibus
1242 3105 1320 3148 ceu-

188 3191 355 3256 solaretur.
375 3190 431 3253 Hae
446 3199 555 3253 autem
567 3189 715 3273 Epistoloe
727 3188 813 3253 circa
830 3206 951 3249 annum
970 3207 1041 3251 aerae
1057 3188 1196 3270 vulgaris
1213 3187 1255 3250 55
1270 3187 1321 3250 vel

177 3295 231 3357 *54
245 3295 370 3378 scriptae
386 3293 529 3358 fuerunt.
1242 3304 1248 3309 “

232 3397 285 3459 ll.
312 3396 443 3461 Relictis
458 3395 653 3476 Corinthiis,
679 3393 798 3459 Paulus
822 3393 908 3455 venit
931 3392 1093 3477 Ephesum
1114 3392 1224 3478 ibique
1246 3413 1321 3457 eum

188 3496 305 3561 Judaeis
327 3500 360 3561 in
383 3502 543 3583 synagoga
566 3495 761 3581 disputavit3
786 3494 887 3558 noluit
902 3503 1010 3558 tamen
1024 3492 1142 3558 diutius
1163 3494 1251 3579 apud
1268 3516 1322 3559 eos

188 3600 395 3681 commorari,
416 3597 680 3663 sed'valedieens
696 3598 741 3683 eis
765 3595 928 3680 profectus
953 3605 1047 3659 estet
1066 3595 1231 3661 deseendit
1250 3595 1322 3661 Cae-

189 3713 338 3783 saream3
364 3700 450 3764 unde
474 3701 579 3785 ipsum
602 3699 835 3783 lerosolymam
860 3696 1040 3761 ascendisse
1064 3697 1173 3783 ibique
1198 3698 1322 3760 saluta-

189 3804 270 3867 visse
292 3805 463 3869 eeclesiam
487 3804 591 3868 innuit
614 3804 715 3867 Lucas
739 3798 799 3887 (l).
825 3797 947 3863 Deinde
976 3802 1094 3865 Paulus
1118 3800 1319 3863 Autioehiam

224 4082 260 4149 (q
274 4088 328 4136 rer.
346 4086 397 4144 xv,
415 4087 458 4136 n.

34 4210 41 4219 Δ
151 4188 153 4191 ·
223 4166 454 4227 (2)Αοὶ.ΧἿΙ.’

225 4249 418 4312 (atrorum.
467 4292 468 4296 ,

12 4302 14 4308 ’
69 4331 86 4339 ·’
173 4358 175 4360 -
223 4331 428 4395 (trecarum,
453 4325 494 4384 aa.
