3142 4964
472 321 546 363 rans
567 323 590 364 r.
611 322 704 363 carun
721 324 743 364 r.
761 322 798 363 ns
816 321 1037 364 rsurnrsucno.
1210 362 1215 373 ,
1281 302 1322 365 55

189 422 371 505 impositas,
394 418 537 482 divinam
560 420 748 503 religionem
773 441 872 506 quam
895 420 1022 484 Hebraei
1045 442 1064 484 a
1087 422 1192 506 Moyse
1217 419 1320 484 edocti

190 533 278 586 sunt.
1411 512 1412 515 ¹

238 626 291 688 96.
310 625 378 688 Sub
400 626 463 689 hoc
487 626 581 710 Igitur
602 635 748 710 respectu
768 627 1004 691 Pentateuchus
1019 649 1093 691 vere
1117 627 1243 692 diuinus
1257 627 1320 692 dici

170 737 308 940 {otest
335 729 410 813 quia
437 726 581 790 divinum
606 730 745 792 continet
767 738 1003 813 argumentum.
1027 728 1089 792 Sed
1113 729 1176 793 alia
1198 730 1321 793 ratione

215 831 319 894 ivinus
337 828 452 894 dicitur
470 840 501 894 et
524 840 582 913 est,
603 840 759 915 quatenus
775 833 893 896 scilicet
910 833 1099 917 impulsione
1124 841 1155 895 ct
1177 833 1320 896 auctori-

191 942 258 997 tate
269 935 326 997 Dei
342 956 361 996 a
375 935 444 1018 Moy
493 920 553 997 fuit
569 943 726 1016 exaratus,
742 955 797 997 seu
810 914 878 1020 ᾖα
911 955 970 997 nus
988 932 1137 998 divinitus
1152 943 1199 997 est
1217 934 1319 1020 inspi-
1383 882 1532 1024 υᾲῤ
1561 976 1566 995 .

189 1017 304 1133 ratus]
311 955 562 1130 ffnmtffium
581 1036 666 1098 enim
684 1038 766 1099 inter
782 1036 880 1100 libros
900 1037 1125 1121 theopneustos
1142 1058 1319 1101 numeran-
1525 1016 1536 1047 '

190 1137 272 1231 dum
290 1161 356 1201 esse
380 1147 526 1202 constans
549 1147 594 1201 est
618 1137 803 1202 Judaeorum
825 1149 855 1202 et
877 1140 1125 1204 Christianorum
1142 1123 1335 1306 persuamffl
1367 1220 1369 1225 Α

90 1238 131 1337 ό,
161 1210 264 1331 Ense
281 1242 419 1305 Christus
437 1241 569 1326 ejusque
585 1242 729 1326 Apostoli
745 1263 843 1327 quam
861 1244 1030 1328 saepissime
1046 1241 1088 1306 ad
1106 1242 1206 1307 libros
1253 1245 1317 1327 oysi

187 1352 346 1428 tanquam
379 1342 421 1407 ad
450 1345 647 1428 Scripturam
676 1342 818 1408 divinam
850 1355 1075 1430 provocarunt.
1101 1347 1170 1409 lmo
1194 1346 1226 1437 in
1250 1346 1318 1430 ipso

186 1447 407 1510 Pentateucho
424 1449 544 1532 Moyses
561 1469 626 1511 non
644 1449 742 1510 semel
766 1457 897 1511 testatur
914 1470 947 1512 se
969 1447 1060 1534 jussu
1084 1458 1113 1511 et
1133 1449 1318 1512 auctoritate

186 1550 248 1611 Dei
264 1536 477 1659 scribc‘re'yl).
496 1550 579 1612 Hinc
594 1551 614 1613 ii
632 1551 688 1613 soli
708 1551 935 1632 Rationalistae,
952 1553 1007 1636 qui
1024 1572 1153 1615 omnem
1171 1549 1318 1636 rejiciunt
1413 1592 1415 1595 -

186 1652 441 1734 inspirationem,
459 1652 666 1715 Pentateuchi
682 1653 903 1715 auctoritatem
919 1650 1061 1716 divinam
1081 1660 1248 1735 negarunt.

234 1755 287 1815 97.
303 1754 368 1817 Nec
387 1753 455 1838 ejus
477 1752 631 1818 divinitati
649 1754 745 1827 officit
769 1752 857 1839 quod
874 1756 908 1818 in
928 1776 965 1818 eo
981 1755 1161 1818 referantur
1180 1755 1274 1837 plura
1296 1775 1315 1816 a

184 1857 377 1938 patriarchis
390 1879 408 1919 a
421 1857 525 1942 Moyse
544 1856 680 1923 laudatis
698 1858 866 1921 commissa
884 1858 1014 1941 flagitia.
1030 1856 1155 1920 Etenim
1171 1866 1316 1920 auctores

185 1960 283 2038 sacri,
301 1960 375 2044 quia
395 1959 561 2023 veritatem
584 1960 721 2023 historia
740 1959 860 2045 ubique
882 1970 1020 2042 servant,
1042 1970 1185 2041 narrant,
1200 1957 1241 2022 ad
1259 1980 1316 2022 nos

183 2059 401 2143 instruendos,
425 2071 456 2124 et
480 2064 565 2125 mala
589 2063 757 2125 hominum
784 2072 814 2125 et
838 2063 935 2144 bona,
956 2063 1010 2125 illa
1039 2060 1168 2125 vitanda
1199 2071 1230 2124 et
1257 2062 1315 2125 ista

184 2161 351 2244 sectanda,
370 2173 400 2226 et
416 2163 563 2249 quaedam
577 2164 618 2226 ita
635 2164 737 2247 posita
750 2173 786 2225 ut
799 2162 840 2227 de
853 2164 915 2226 illis
932 2165 1027 2227 etiam
1043 2164 1167 2246 prolata
1187 2163 1226 2224 sit
1241 2183 1315 2226 sen-

182 2265 298 2342 tentia,
319 2261 466 2349 quaedam
489 2286 565 2328 vero
589 2265 683 2328 tacito
706 2263 750 2327 ibi
769 2263 893 2349 judicio
919 2264 1011 2328 nobis
1025 2263 1116 2348 juxta
1136 2264 1239 2347 legem
1256 2264 1314 2326 Dei

183 2374 243 2428 aut
261 2374 381 2428 rectam
405 2368 562 2430 rationem
575 2401 576 2404 ¹
580 2366 758 2452 judicanda
777 2367 942 2452 permissa.
968 2367 1182 2431 Rationalistis
1208 2367 1314 2430 Mani-

183 2469 293 2531 clraeos
314 2469 563 2533 exscribentibus
586 2471 780 2554 respondere
803 2492 969 2555 possumus
988 2467 1074 2556 quod
1094 2470 1158 2532 istis
1181 2490 1314 2553 respon-

183 2570 286 2634 debat
298 2570 491 2656 Augustinus
503 2573 570 2658 (ῆι
587 2600 600 2630 u
614 2574 690 2637 Haec
702 2574 794 2638 nobis
806 2576 918 2638 merito
931 2576 962 2636 in
977 2574 1038 2637 illis
1049 2573 1138 2636 libris
1150 2571 1314 2637 laudanda

182 2682 432 2758 proponuntur,
458 2697 521 2739 non
542 2676 690 2759 ebrietas,
716 2699 780 2741 non
802 2679 939 2742 incestus
967 2701 974 2740 :
999 2676 1055 2741 sed
1080 2697 1154 2741 cum
1177 2676 1314 2740 hominis

182 2774 332 2860 ejusdcm
348 2785 380 2839 et
390 2786 476 2840 recte
491 2779 612 2841 lactum
625 2789 656 2841 et
668 2789 834 2864 peccatum
849 2781 1000 2864 scriptum
1015 2779 1206 2859 invenimuS,
1226 2775 1314 2841 aliud

183 2877 364 2940 insinuatur
380 2878 582 2961 imitandum,
600 2878 688 2943 aliud
706 2880 964 2965 precavendum.
984 2906 999 2940 s
1013 2880 1185 2965 Comparat
1197 2878 1314 2944 deinde

181 2979 217 3041 S.
244 2980 362 3043 Doctor
384 2981 582 3064 Scripturam
609 2983 739 3069 speculo
763 2981 862 3065 fideli,
890 3008 904 3040 «
931 2981 1022 3067 cujus
1046 2984 1140 3064 nitor,
1166 2979 1313 3071 admotaf

181 3103 260 3145 rum
278 3082 337 3146 sibi
361 3105 572 3167 personarum
596 3106 660 3148 non
683 3087 786 3149 solum
811 3106 881 3172 quac
902 3085 1037 3169 pulchra
1061 3093 1156 3168 atque
1178 3066 1322 3168 integra,¹

182 3206 300 3248 verum
324 3189 420 3250 etiam
441 3202 512 3272 quae
536 3187 694 3252 deformia
720 3189 895 3272 vitiosaque
914 3189 987 3270 sint,
1012 3185 1141 3251 indicat.
1160 3183 1314 3249 »Deinde

183 3286 349 3351 concludit
368 3312 376 3350 ε
397 3315 411 3345 «
428 3292 569 3354 Inanitcr
590 3313 665 3377 ergo
681 3294 814 3356 Faustus
830 3301 973 3355 sanctam
988 3292 1197 3375 Scripturam,
1216 3310 1314 3373 quam

181 3400 269 3454 totus
293 3391 364 3476 jam
392 3393 530 3457 mundus
556 3405 738 3478 veneratur,
764 3406 920 3460 accusat:
951 3417 1033 3480 quae,
1054 3404 1089 3457 ut
1112 3416 1207 3478 supra
1234 3392 1312 3476 dixi,

181 3503 341 3577 tanquam
355 3479 477 3577 speculi
493 3494 596 3559 fidelis
611 3498 707 3578 nitor,
728 3499 845 3561 nullius
862 3499 977 3581 accipit
989 3495 1186 3560 adulandam
1202 3518 1314 3580 perso-

183 3616 275 3674 nam,
296 3595 352 3658 sed
377 3608 408 3660 ct
426 3598 586 3664 laudanda
612 3611 643 3663 et
667 3598 876 3685 vituperanda
894 3602 1061 3665 hominum
1078 3600 1162 3663 facta
1177 3600 1230 3663 vel
1245 3601 1314 3684 ipsa

112 3719 114 3723 ’
175 3698 318 3785 judicat,
333 3702 384 3763 vel
400 3702 578 3787 legentibus
589 3703 764 3789 judicanda
780 3705 951 3789 proponit,
972 3726 1031 3768 nec
1049 3705 1153 3766 solum
1169 3703 1314 3766 homines

181 3807 270 3887 ipsos
296 3804 347 3865 vel
365 3805 591 3888 vituperabiles
617 3808 669 3872 vel
694 3805 871 3871 laudabiles
894 3808 1055 3888 intimam,
1082 3806 1313 3869 verumetiam

181 3903 335 3991 quaedam
359 3906 390 3967 in
415 3909 679 3992 vituperabilibus
703 3909 866 3974 laudanda
886 3921 917 3974 et
937 3912 969 3973 in
990 3907 1205 3974 laudabilibus
1226 3907 1314 3970 vitu-

214 4090 253 4150 (lt
266 4091 354 4142 Ecod.
368 4092 441 4151 XVIl,
457 4094 496 4150 tu
509 4093 615 4156 XXXIV,
628 4095 669 4146 27.

213 4173 252 4237 (2)
271 4175 372 4225 Contra
385 4176 518 4236 Faustum,
538 4176 580 4228 lib.
598 4177 673 4236 XXll,
686 4179 717 4228 66
735 4187 761 4229 et
782 4180 823 4228 65.
843 4179 870 4227 ln
887 4186 938 4227 toto
951 4178 993 4227 illo
1008 4177 1071 4227 libro
1084 4176 1191 4239 singulae
1207 4177 1313 4239 patriar-

177 4259 287 4307 charum
311 4256 422 4309 actiones
442 4258 636 4322 examinantur3
653 4269 679 4310 et
697 4262 736 4311 rel
755 4262 915 4311 vindicantur
929 4262 949 4310 si
966 4268 1053 4317 recta,
1069 4259 1108 4308 vel
1125 4259 1277 4307 damnantur
1291 4259 1312 4307 si

177 4352 273 4402 prarae.
287 4339 369 4388 Simul
380 4338 442 4401 quid
454 4340 552 4390 consilii
566 4343 682 4393 tabuerit
691 4343 758 4393 Deus
768 4344 792 4391 in
806 4344 874 4392 hisce
886 4342 1023 4391 reterendis
1035 4341 1180 4403 inquiritur.
