3166 4958
267 285 333 348 236
497 307 697 349 rnraoeucne
714 306 909 350 senonensia
925 306 950 349 s.
970 305 1170 348 somrrumu.

42 394 170 495 ,0²25
238 363 396 512 [Scripsit
409 415 517 470 autem
530 415 659 490 rogatus
673 416 703 470 et
715 404 955 492 quodammodo
969 414 1097 470 coactus
1113 403 1293 469 afidelihus
1309 415 1342 468 et
1355 406 1403 470 ab

264 507 420 592 episcopis
440 507 534 589 Asiae,
554 508 648 572 simul
666 518 807 572 autema
827 508 946 592 Spiritu
964 517 1073 572 sancto
1095 509 1262 593 impulsus.
1285 508 1404 573 Voluit

263 617 419 682 autemut
433 620 606 694 antequam
621 609 761 675 scrihere
786 611 953 695 inciperet,
974 631 1162 674 communes
1177 610 1404 673 emitterentur

266 731 377 794 preces
396 720 428 775 et
441 733 612 777 commune
630 723 810 777 servaretur
822 711 984 798 jejunium
1000 734 1059 798 per
1074 711 1216 796 triduum
1232 685 1313 821 (1)]
1374 714 1379 733 ¹

703 1142 867 1223 CAPUT
895 1143 970 1221 lll.

360 1425 398 1465 en
422 1423 547 1467 emman
569 1425 666 1476 arena
690 1425 897 1478 necromrnru
919 1426 962 1467 rr.
988 1424 1223 1468 erancuuonuu
1241 1403 1303 1490 (2).

313 1639 484 1704 Praemissis
504 1638 542 1702 iis
561 1660 632 1724 quae
652 1637 906 1724 unumquodque
930 1639 1146 1723 Evangelinm
1160 1640 1192 1703 in
1212 1639 1401 1724 particulari

270 1747 425 1823 spectant,
446 1761 591 1826 gressum
608 1741 744 1804 facimus
760 1739 802 1805 ad
822 1739 1026 1826 probandum
1047 1751 1196 1827 quatuor,
1218 1740 1259 1804 de
1280 1740 1402 1827 quibus

272 1842 433 1929 diximus,
459 1844 596 1909 Matthaei
608 1893 616 1926 ,
642 1846 764 1926 Marci,
787 1845 879 1909 Lucae
902 1853 934 1908 et
954 1844 1109 1928 loannis,
1135 1845 1307 1929 Evangelia
1330 1840 1401 1908 esse

266 1947 465 2029 authentica,
482 1948 605 2032 integra
619 1956 716 2032 atque
733 1968 809 2011 vera
827 1945 973 2032 adeoque
989 1945 1052 2010 lide
1070 1946 1166 2032 digna
1183 1956 1214 2011 et
1231 1946 1273 2010 ab
1289 1946 1399 2010 omni-

270 2049 330 2112 hus
345 2057 498 2138 tanquam
515 2071 591 2112 vere
605 2049 767 2133 historica,
786 2071 850 2112 non
862 2059 970 2113 autem
986 2048 1106 2133 fictitia,
1128 2046 1340 2133 suscipienda.
1355 2044 1401 2110 Ut

269 2159 376 2215 autem
392 2150 534 2215 dilucide
551 2153 646 2215 simul
662 2173 700 2216 ac
720 2150 958 2236 compendiose,
973 2159 1129 2237 quantum
1148 2172 1327 2236 possumus,
1345 2171 1399 2213 res

266 2255 323 2317 illa
334 2260 497 2337 tractetur,
512 2263 682 2339 postquam
695 2255 947 2318 recensuerimus
961 2276 1087 2318 errores
1098 2275 1209 2318 eorum
1222 2253 1277 2338 qui
1289 2254 1397 2316 Evan-

268 2358 349 2441 gelia
370 2358 611 2442 impugnarunt,
635 2357 925 2422 demonstrabimus
949 2367 1086 2443 quatuor
1107 2356 1280 2441 Evangelia
1300 2376 1397 2418 esse:

268 2459 514 2541 reuerentia,
533 2460 566 2522 2⁰
589 2460 725 2544 integra,
742 2460 776 2523 5⁰
796 2480 885 2526 vera.
909 2459 1016 2523 Pauca
1039 2456 1198 2523 addemus
1220 2456 1260 2522 de
1283 2475 1399 2520 eorum

269 2559 447 2624 divinitate.
1040 2577 1043 2582 ·
1381 2560 1385 2579 ’

477 2780 503 2841 l.
530 2779 659 2840 Erreres
683 2777 720 2840 de
741 2777 917 2840 auctoritate
937 2774 1184 2861 Eneapelt'mum.

121 2987 124 2995 ’
232 3026 234 3033 ·
313 2997 345 3060 1.
372 2996 515 3078 Quatuor
538 2994 711 3079 Evangelia
736 2994 841 3057 statim
864 3014 903 3056 ac
935 2991 1020 3057 editu
1053 2993 1143 3057 fuere
1178 2991 1222 3057 ab
1250 2993 1400 3059 omnibus

268 3099 446 3163 christianis
462 3099 606 3161 unanimi
620 3118 775 3161 consensu
789 3105 918 3179 recepta
930 3096 1071 3160 fuerunt.
1085 3095 1272 3160 Discordem
1287 3106 1399 3161 tamen

268 3200 312 3263 ab
323 3201 385 3263 hac
401 3198 573 3263 concordia
586 3220 699 3263 vocem
716 3200 889 3262 emiserunt
906 3197 1039 3283 quidam
1051 3199 1203 3282 haerctiei,
1224 3201 1399 3284 Evangelia

269 3310 324 3364 aut
336 3302 513 3364 lacerantes
530 3286 586 3363 aut
602 3301 683 3363 falsa
697 3301 956 3385 interpretatione
974 3309 1191 3385 pervertentes
1211 3312 1266 3365 aut
1286 3323 1400 3367 eorum

270 3423 370 3466 unum
391 3403 567 3484 alterumve
584 3401 775 3488 rejicientes.

269 3666 377 3723 loannes
393 3677 460 3715 resa
477 3664 577 3714 Christo
593 3669 677 3726 gestas
693 3663 840 3726 pdusquam
855 3665 964 3714 loannes
978 3663 1089 3727 Baptista
1104 3665 1226 3716 custodiae
1240 3665 1403 3729 mancipatus

236 3758 239 3763 ’
268 3747 369 3807 luisset,
382 3745 518 3809 Evangelio
528 3744 771 3806 suoeomptectitur.
785 3761 796 3792 a

301 3828 337 3892 (1)
349 3827 451 3877 Hieron.
464 3827 481 3876 t.
495 3839 571 3889 supra
580 3827 634 3877 cit:
648 3826 766 3877 Clemens
775 3826 814 3877 Al.
825 3840 866 3890 ap.
879 3827 1027 3890 Eusebium,
1039 3828 1108 3880 Hier.
1122 3828 1400 3893 Ecel.V1‚tt;Cenon

268 3909 422 3960 Meretortt.

300 3990 335 4053 (ᾖ)
348 3990 400 4041 Gtr.
418 3990 523 4048 Fassint,
538 3989 574 4040 De
587 3989 733 4053 apostolice
744 3989 948 4056 desepelierunt
963 3992 1096 4056 criptae...
1109 3991 1203 4053 Roma,
1216 3991 1289 4052 17693
1303 3991 1399 4042 Dema·

269 4078 320 4133 ret,
333 4073 367 4123 lte
382 4073 483 4137 artatae
499 4071 702 4135 Eeanpettorem
721 4072 799 4136 deqtee
817 4085 905 4122 eorem
922 4072 1047 4124 trieterica
1061 4073 1226 4134 auctoritate,
1244 4073 1303 4123 Lor.
1323 4070 1401 4136 t863;

266 4155 373 4216 Waltou,
387 4155 423 4205 De
437 4155 463 4204 le
475 4167 600 4216 crepuere
615 4156 664 4204 dee
675 4167 731 4204 aea
740 4155 889 4221 Eeoepttee,
909 4157 981 4207 Paris
995 4156 1068 4217 185&
1085 4155 1122 4206 lte
1136 4156 1263 4220 latruge,
1280 4152 1403 4207 Credibi-

267 4236 311 4286 ttte
322 4237 353 4286 de
368 4235 491 4288 t'trtstotre
502 4236 604 4302 terrane.
620 4251 674 4302 per
690 4236 809 4301 Ttoleelt,
824 4240 905 4302 Paris,
924 4240 998 4304 {8473
1011 4239 1133 4302 Lardner,
1149 4237 1301 4301 Credtttltty
1315 4238 1347 4301 es
1359 4235 1402 4288 tlte

269 4314 386 4381 roseae,
403 4318 452 4369 Ed.
478 4317 552 4379 1850,
567 4324 616 4369 etc.
