3168 4948
305 303 380 345 raas
395 303 431 345 11.
450 301 544 349 carus
557 302 588 344 v.
604 301 643 341 na
655 273 888 349 ovsruonoscnr
900 298 926 341 s.
945 298 1034 341 raum
1047 298 1206 342 srrsroms.
1266 279 1330 344 549

195 401 359 466 Recenset
369 398 487 466 deinde
504 399 717 463 Tertullianus
733 399 910 483 praecipuas
933 398 1017 461 illius
1035 398 1182 482 Fpistoloe
1198 407 1331 464 senten-

193 502 264 567 tias.
283 503 406 566 Pariter
418 502 556 565 irenaeus
572 500 620 585 (l)
633 508 664 563 et
680 499 827 564 Clemens
840 497 1077 563 Alexandrinus
1092 498 1140 586 (ἢ)
1156 501 1331 585 lpistolam

193 604 279 670 bane
293 603 336 668 ad
351 605 506 690 Ephesios
521 603 679 668 directam
695 610 863 667 testantur.

236 710 268 772 4.
291 708 363 795 Otj.
382 710 420 771 111
440 709 545 792 primo
558 707 707 792 Epistulae
719 706 877 770 versiculo
894 728 902 768 ε
917 706 1040 770 Sanctis
1052 710 1109 792 qui
1123 720 1194 772 sunt
1214 708 1332 795 Ephesi

192 825 221 877 et
231 812 370 897 fidelibus
383 815 415 875 io
429 811 554 876 Christo
569 813 654 883 Jesu,
667 807 756 873 deest
768 830 832 872 vox
844 808 962 893 Ephesi
972 808 1015 894 (ἐν
1026 808 1153 900 Ἐφέσῳ)
1166 812 1199 875 iu
1218 811 1329 877 codice

192 914 358 997 Sinaitico,
374 915 406 977 in
430 912 541 978 codice
557 912 712 978 Vaticano
733 912 849 996 legitur
870 920 996 977 tautum
1014 913 1048 976 in
1071 916 1216 999 margine
1235 937 1255 978 a
1277 916 1329 979 sess

194 1016 300 1081 cunda
315 1038 426 1081 manu.

237 1120 269 1184 5.
289 1121 380 1205 Resp.
401 1118 465 1183 Sed
481 1121 535 1184 alii
554 1118 680 1185 codices
693 1129 724 1183 et
739 1120 901 1184 versiones
918 1141 1013 1185 voees
1026 1119 1054 1182 ἐν
1065 1117 1179 1204 Ἐφέσῳ
1193 1121 1326 1185 babent.

192 1223 290 1287 Favet
302 1223 398 1307 igitur
412 1224 583 1287 auctoritas
600 1221 760 1287 codicum.
776 1222 935 1286 Praeterea
954 1223 1102 1309 quamvis
1117 1222 1219 1288 codex
1234 1224 1328 1290 Vati-

194 1347 292 1390 canus
314 1346 409 1389 voces
428 1325 500 1389 illas
523 1327 556 1390 in
580 1325 845 1409 textu-omiserit,
869 1324 967 1389 habet
990 1335 1100 1390 temen
1124 1328 1158 1390 in
1181 1327 1328 1412 Epistolae

193 1428 398 1512 inscriptione
425 1444 444 1490 ε·
460 1429 500 1491 ud
522 1428 682 1513 Ephesios,
701 1426 768 1515 πρὸς
790 1426 937 1516 Epomeus.
964 1429 1066 1514 lgitur
1082 1427 1258 1494 dicendum
1282 1440 1329 1494 est

195 1530 339 1595 codicem
345 1530 537 1596 Vaticanum
550 1532 647 1594 otiam
660 1532 767 1595 testari
779 1532 954 1616 Epistolam
967 1532 1111 1616 Ephesiis
1127 1532 1223 1597 luisse
1235 1531 1330 1597 desti-

194 1643 315 1699 natam.
333 1633 491 1720 Objicitur
507 1635 603 1698 etiam
620 1634 652 1697 S.
667 1634 801 1701 Basilius
818 1636 873 1721 qui
887 1635 1021 1699 vocese’v
1035 1632 1147 1724 ’Ἐφέσῳ
1159 1636 1329 1700 asseruerit

194 1739 290 1802 luisse
314 1738 445 1801 omissas
469 1738 502 1800 iu
529 1738 669 1823 antiquis
690 1738 939 1824 exemplaribus.
970 1740 1017 1802 Eu
1040 1738 1109 1824 ejus
1132 1739 1229 1804 verba
1247 1740 1294 1824 (ὅ)
1318 1763 1326 1803 :

199 1865 214 1901 a
227 1839 291 1904 Sed
306 1849 338 1904 et
352 1840 496 1925 Ephesiis
512 1860 585 1904 cum
599 1839 764 1921 scriberet,
780 1861 835 1904 eos
847 1862 906 1926 per
918 1842 1139 1905 excellentiam
1151 1842 1329 1906 nominavit

196 1946 354 2008 existentes
371 1942 470 2028 (οντες)
490 1951 646 2029 tauquam
664 1943 719 2028 qui
734 1943 775 2026 ei,
793 1943 848 2027 qui
869 1953 927 2025 est,
946 1963 1019 2006 vere
1035 1951 1138 2007 essent
1156 1964 1214 2027 per
1232 1943 1324 2027 agni-

197 2048 316 2112 tionem
339 2046 513 2132 conjuncti.
539 2046 666 2132 Quippe
689 2047 732 2110 ait
760 2068 769 2109 r
792 2047 916 2110 Sanctis
941 2049 997 2131 qui
1016 2058 1088 2110 sunt
1114 2057 1167 2119 τοῖς
1187 2036 1273 2129 tues,
1300 2060 1328 2111 et

177 2204 184 2211 ,
196 2152 336 2238 fidelibus
347 2150 380 2214 in
395 2151 516 2217 Cbristo
529 2154 615 2215 Jesu.
634 2152 687 2216 Sic
700 2153 786 2216 enim
805 2161 835 2215 et
850 2152 993 2236 quiante
1005 2172 1064 2215 nos
1075 2151 1166 2215 fuere
1183 2150 1327 2215 tradide-
1344 2136 1348 2141 ¹

121 2312 124 2317 .
196 2262 282 2337 runt,
301 2264 333 2318 et
349 2274 406 2317 nos
423 2253 457 2316 in
473 2253 612 2339 antiquis
639 2252 876 2338 exemplaribus
892 2252 1083 2316 invenimus.
1103 2278 1118 2314 s
1143 2254 1326 2317 Putaverim

197 2349 305 2421 tamen
328 2357 362 2420 S.
389 2357 542 2421 Basilium
566 2377 631 2420 uon
655 2357 824 2423 asseruisse
847 2376 943 2422 voces
965 2354 1121 2445 ε”νἙφέσῳ
1136 2354 1275 2421 defuisse
1294 2359 1328 2422 in

197 2446 350 2547 antiquis*
370 2459 630 2544 exemplaribus,
660 2458 717 2524 sed
740 2481 841 2546 quum
864 2458 1004 2546 disputet
1025 2459 1066 2525 de
1089 2482 1169 2526 voce
1192 2449 1251 2525 dum
1274 2465 1329 2547 qui

195 2577 277 2636 sarit,
293 2562 473 2649 significare
487 2565 623 2628 voluisse
638 2564 727 2627 illam
745 2584 858 2628 vocem
872 2565 904 2627 in
927 2564 1066 2650 antiquis
1090 2566 1327 2649 exemplaribus
1379 2622 1388 2627 ,

196 2668 314 2732 lectam
337 2667 453 2751 luisse3
473 2668 563 2753 quasi
581 2687 698 2752 nempe
715 2667 865 2732 diceret:
890 2669 923 2732 in
947 2669 1088 2754 Epistola
1109 2667 1152 2733 ad
1174 2671 1327 2755 Ephesios

197 2790 262 2847 non
286 2770 473 2854 simpliciter
497 2768 640 2834 dicitur:
666 2763 786 2834 Sanctis
809 2773 864 2854 qui
889 2773 921 2833 io
942 2770 1062 2854 Epheso
1082 2781 1135 2846 τοῖς
1156 2769 1335 2862 ἕνἘφέσῳ,.

195 2873 277 2938 seur
292 2874 325 2936 sn
337 2873 477 2958 spissos
492 2871 535 2936 aa
552 2872 752 2938 colosensi
770 2857 888 2938 arcitus
904 2883 958 2947 ee
974 2871 1003 2934 e
1023 2871 1192 2958 nonme,
1216 2879 1272 2960 qo·
1294 2880 1328 2939 st

113 3051 118 3058 .
198 2973 329 3039 Colossis
333 2996 349 3054 ,·
372 2971 429 3037 sed
444 2971 575 3037 additur
595 2973 718 3038 Sanctis
739 2977 794 3059 qui
814 2987 886 3038 sunt
902 2986 955 3049 τοῖς
973 2963 1044 3039 οὖσι.
1064 2975 1209 3041 Voluerit
1231 2978 1326 3062 igitur

196 3076 375 3162 significare
387 3077 523 3141 Basilius
537 3097 651 3141 vocem
663 3066 722 3141 ive
736 3087 897 3163 repertam
910 3079 1006 3144 fuisse
1019 3080 1052 3143 in
1064 3080 1203 3165 antiquis
1216 3101 1326 3144 exem-

176 3197 180 3202 ’
195 3180 351 3267 pluribus.
370 3181 417 3244 De
430 3180 564 3244 vocibus
579 3179 608 3243 iv
623 3178 737 3269 ’Ἐφέσῳ
752 3181 830 3245 nihil
850 3184 1030 3246 asseruerit.
1048 3183 1195 3247 Ceterum
1211 3183 1244 3247 S.
1259 3184 1327 3248 Ba-

195 3284 284 3346 silius
309 3283 394 3345 banc
416 3282 593 3366 Epistolam
616 3280 659 3346 ad
683 3283 836 3368 Ephesios
857 3282 1046 3348 destinatam
1075 3284 1172 3348 luisse
1193 3286 1327 3351 asseruit

196 3386 285 3449 initio
297 3383 393 3470 hujus
413 3385 491 3467 loci,
509 3406 585 3448 nam
602 3383 680 3448 dixit
700 3408 708 3448 ε
722 3408 738 3444 «
751 3383 814 3449 Sed
833 3396 864 3450 et
876 3387 1020 3471 Ephesiis
1036 3408 1111 3451 curn
1126 3388 1293 3453 scriberet.
1308 3416 1323 3450 s

196 3486 319 3552 Eodem
337 3487 405 3551 iere
421 3486 519 3551 modo
536 3488 677 3576 loquitur
690 3488 722 3551 S.
741 3488 954 3571 Hieronymus
971 3489 1004 3553 in
1024 3489 1261 3557 Commentario
1283 3489 1325 3555 ad

196 3591 283 3654 bunc
301 3592 420 3655 locum.
670 3668 675 3673 1

240 3695 273 3758 d.
301 3692 416 3779 Objicit
446 3693 492 3757 De
510 3695 619 3759 Wette
645 3684 834 3780 Epistulam,
859 3705 896 3759 ut
923 3717 963 3760 ex
994 3703 1142 3760 contextu
1176 3705 1323 3780 apparet,

196 3794 352 3859 directam
370 3795 467 3859 fuisse
485 3793 527 3859 ad
548 3797 697 3862 Etbnioos
709 3797 759 3884 (4)
771 3818 845 3862 cum
869 3798 985 3883 quibus
1002 3798 1120 3861 Paulus
1144 3817 1207 3860 non
1232 3798 1325 3860 insti-

195 3907 301 3963 tuerat
328 3898 489 3963 familiare
518 3900 761 3984 commercium,
785 3899 944 3986 siquidem
972 3901 1040 3985 ipse
1070 3898 1111 3963 de
1140 3899 1202 3963 illis
1225 3909 1257 3963 et
1278 3899 1324 3963 illi

229 4077 264 4140 (l)
278 4076 378 4127 Contra
386 4075 450 4126 lter.
465 4076 496 4137 V,
511 4076 536 4137 2,
552 4078 578 4127 5.

229 4158 265 4226 lt)
274 4158 373 4210 Strom.
385 4156 426 4219 1v,
441 4157 499 4218 ⁴99,

228 4242 265 4305 (5)
276 4240 343 4292 Ado.
355 4240 467 4292 Eanum.
477 4241 497 4303 l,
510 4241 568 4292 234.

231 4324 268 4388 (t)
280 4323 336 4375 vid.
350 4335 423 4387 rann.
438 4323 469 4385 ll,
485 4325 573 4389 ll-ttl5
591 4323 633 4388 lll,
652 4325 677 4390 t;
692 4324 733 4388 lV,
749 4326 790 4389 17,
804 4326 846 4377 ΞΩ.
