3142 4964
271 320 313 384 58
501 306 700 379 rurnonuerto
717 335 864 379 strennus
881 334 914 374 ur
932 334 958 375 S.
974 334 1174 376 SCMPTURAM.

270 438 373 520 petius
390 457 489 521 quam
505 435 636 498 seientia
651 432 749 515 ducti,
770 455 823 497 eos
840 435 1014 497 imitentur.
1038 432 1079 495 Ar
1100 433 1153 495 alii
1172 435 1242 516 viri,
1265 436 1398 498 scientia

270 541 382 602 ceteris
398 536 485 617 haud
506 538 684 617 inferiores,
699 538 794 600 variis
810 522 915 599 modis
931 533 1137 599 concordiam
1153 538 1235 601 inter
1250 522 1398 602 scientias

268 642 429 704 naturales
458 650 489 704 et
512 641 729 703 narrationem
747 639 922 702 mosaicam
950 639 1030 702 inire
1053 646 1225 702 tentarunt.
1257 626 1398 731 Quidnam

267 743 412 807 arbitrati
426 752 500 806 sunt
515 742 627 805 orbem
644 763 664 804 a
684 751 828 805 creatore
841 738 1018 827 *eonditum
1043 750 1209 825 terrasque
1227 762 1265 804 eo
1284 738 1398 805 ordine

268 845 481 929 superpositas
499 843 724 929 fossilibusque
741 852 869 906 ornatas
884 851 980 926 prout
995 840 1091 905 hodie
1109 844 1312 927 conspicitur.
1332 841 1396 905 Sed

266 946 335 1009 haec
347 947 540 1030 hypothesis,
556 966 627 1030 quoe
645 965 774 1009 omnem
793 942 1013 1008 difficultatem
1032 945 1136 1007 statim
1153 954 1308 1025 removet,
1323 947 1396 1008 oui-

209 1044 215 1057 “
267 1070 343 1112 nam
367 1051 575 1133 geologorum
601 1046 786 1111 arridebit?
802 1056 887 1110 certe
911 1048 1002 1110 novis
1030 1048 1166 1111 scientiae
1192 1050 1397 1113 incrementis

265 1151 353 1215 haud
381 1152 562 1214 satisfaciet.
598 1151 672 1221 Alii,
702 1160 738 1212 ut
765 1148 947 1229 Buekland,
979 1150 1158 1233 Wiseman,
1191 1151 1398 1236 conjecerunt
1488 1166 1494 1174 ·
1536 1167 1540 1176 ·

266 1246 373 1318 omnia
397 1275 469 1340 quae
492 1276 510 1317 a
531 1255 671 1338 geologis
691 1251 883 1336 deteguntur
899 1250 1039 1316 condita
1052 1253 1149 1317 fuisse
1170 1255 1253 1317 intra
1270 1253 1396 1338 produ-

265 1367 352 1421 ctum
368 1356 450 1420 illud
462 1353 616 1441 temperis
634 1357 770 1440 spatium
786 1376 863 1439 quo,
877 1354 969 1440 juxta
986 1356 1126 1440 Moysen,
1146 1370 1226 1419 terro
1241 1369 1306 1419 eret
1322 1360 1396 1418 iao-

265 1463 314 1523 m’s
330 1471 359 1522 et
375 1482 494 1538 cacoe;
512 1459 730 1542 supervenisse
748 1456 865 1524 deinde
889 1478 1044 1541 magnum
1063 1460 1303 1543 cataclysmum,
1330 1481 1396 1544 qno

259 1563 374 1626 ,omnia
390 1560 550 1625 destructa
565 1562 705 1642 luerint3
732 1561 807 1624 huie
823 1561 1007 1625 successisse
1029 1563 1223 1625 creationem
1247 1584 1301 1625 sex
1321 1560 1396 1625 die-

264 1672 336 1726 mm
365 1673 465 1726 tetam
490 1662 531 1725 ad
554 1664 766 1727 recentiorem
791 1664 989 1746 geologieam
1020 1673 1143 1728 aetatem
1168 1666 1390 1749 pertinentem.

264 1766 340 1831 Haeo
358 1778 466 1831 autem
479 1768 633 1831 sententia
648 1766 743 1831 hodie
765 1768 851 1830 omni
866 1766 1075 1830 fundamento
1095 1767 1265 1870 scientifico
1283 1782 1393 1832 carere

170 1924 174 1931 .
265 1869 458 1934 declaratur.
476 1871 583 1950 Quare
602 1872 795 1933 recentiores
808 1871 983 1953 generatim
995 1872 1093 1935 aliem
1113 1869 1291 1935 concordiae
1306 1874 1394 1934 viam

263 1975 384 2036 ineunt.
409 1974 563 2036 Mirantur
594 1973 750 2056 imprimis
779 1973 811 2034 in
840 1970 953 2037 Genesi
985 1975 1111 2037 narrari
1136 1975 1241 2038 lucem
1273 1975 1392 2037 factam

263 2075 360 2137 fuisse
372 2083 445 2138 ante
457 2075 572 2155 solem,
587 2073 676 2160 quod
692 2075 837 2158 apprime
855 2084 1009 2138 consonat
1024 2096 1098 2138 cum
1111 2077 1265 2139 sententia
1276 2097 1394 2139 recen·
1476 2091 1478 2094 ’

262 2177 380 2239 tiorum
397 2177 613 2261 physicorum.
637 2178 741 2239 AEtate
764 2186 870 2239 autem
892 2177 989 2260 Moysi
1005 2178 1112 2240 nullus
1129 2197 1239 2240 rerum
1257 2187 1393 2240 natura-

262 2280 341 2342 lium
354 2280 474 2363 peritus
486 2280 549 2342 hoe
561 2280 737 2363 suspicatus
749 2287 829 2341 erat.
841 2278 956 2341 Narrat
968 2280 1089 2362 Moyses
1102 2280 1205 2342 Deum
1217 2281 1394 2343 successive

263 2381 374 2444 fecisse
391 2381 528 2465 plantae,
548 2383 650 2465 pisces
668 2390 700 2444 et
714 2381 873 2462 volucres,
888 2380 1005 2444 bestias
1021 2391 1124 2460 terre,
1144 2392 1176 2444 et
1193 2382 1305 2445 ultimo
1322 2383 1393 2445 loco

262 2483 438 2546 hominem.
458 2484 559 2547 Porro
580 2483 706 2567 geologi
726 2482 896 2546 observant
916 2505 933 2546 a
955 2493 1048 2546 terrae
1067 2481 1243 2546 visceribus
1263 2482 1305 2547 ad
1324 2482 1393 2567 ejus

263 2581 463 2669 superficiem
479 2587 567 2649 varia
586 2594 683 2649 strata
708 2587 917 2669 superposita,
933 2606 1004 2669 quoe
1022 2586 1081 2670 ipsi
1099 2587 1129 2648 in
1145 2589 1297 2670 primorie
1312 2587 1391 2670 (ter-

262 2689 348 2749 00000
359 2685 545 2770 primaires),
556 2687 733 2749 secundario
745 2686 969 2770 (secondoires),
979 2687 1310 2769 tertiario(tertiaires),
1319 2709 1392 2771 qoo-

263 2791 398 2850 ternoria
410 2788 648 2873 (pentametros)
656 2787 877 2851 distinxerunt.
887 2788 961 2852 lam
974 2798 1095 2869 autem,
1111 2789 1290 2874 conchylia,
1303 2790 1390 2874 ligna

263 2902 294 2955 et
306 2892 457 2955 animalia
471 2891 591 2955 fossilia
602 2890 717 2955 eodem
728 2889 852 2971 ordine,
863 2912 928 2976 quo
940 2892 972 2954 in
985 2891 1112 2973 Genesi,
1121 2893 1154 2955 in
1164 2892 1212 2954 his
1226 2892 1391 2955 substratis

262 2994 323 3058 sibi
338 2992 510 3058 succedere
525 2993 685 3058 videntur.
698 2995 839 3078 Vestigia
851 3003 960 3057 autem
971 2995 1110 3058 hominis
1121 2996 1211 3058 nulla
1224 2995 1391 3080 hucusque

262 3097 353 3160 suere
369 3095 567 3181 deprehensa
587 3098 619 3159 in
632 3095 865 3182 antiquioribus
878 3107 970 3160 terrae
983 3096 1159 3178 substratis,
1174 3096 1230 3159 sed
1243 3098 1346 3160 solum
1359 3099 1391 3159 in

262 3198 425 3263 substratis
441 3191 671 3264 recentioribus
683 3221 754 3285 quae
768 3203 964 3283 quaternaria
981 3197 1142 3264 dicuntur.
1160 3200 1232 3263 Ime
1245 3200 1392 3263 nonnulli

261 3302 374 3365 volunt
397 3302 563 3366 hominem
580 3302 651 3388 jam
675 3303 811 3366 extitisse
832 3322 896 3386 quo
920 3311 1065 3386 tempore
1080 3301 1230 3366 vivebant
1250 3303 1391 3386 ingentia

261 3401 411 3488 quaedam
425 3405 576 3468 animalia
594 3403 749 3468 adfinem
768 3393 899 3489 epochae
916 3406 1069 3466 tertiariae.
1090 3403 1154 3467 Sed
1166 3405 1250 3468 hanc
1262 3414 1391 3467 senten-

260 3507 339 3569 tiam
355 3507 522 3594 hucusque
541 3498 663 3572 idoneis
681 3508 876 3593 argumentis
895 3505 1078 3573 destitutam
1095 3530 1162 3577 esse
1187 3530 1206 3572 a
1228 3508 1390 3593 plerisque

261 3607 455 3673 declaratur.
478 3609 724 3675 Observandum
741 3610 795 3674 hic
811 3620 857 3673 est
882 3612 1044 3694 geologoS,
1065 3620 1101 3674 ut
1117 3612 1297 3695 geologiam
1313 3598 1391 3675 ¹cum

261 3714 445 3777 narratione
472 3716 612 3778 mosaica
630 3715 800 3778 convenire
827 3712 1006 3796 ostendant,
1028 3713 1186 3799 conjicere
1205 3716 1332 3799 Moysen
1356 3716 1391 3777 in

262 3818 444 3881 narratione
466 3839 522 3881 sua
538 3818 631 3902 plura
644 3818 881 3903 praetermisisse
897 3838 967 3902 quae
984 3819 1016 3879 in
1033 3816 1237 3902 dispositione
1257 3817 1342 3881 orbis
1358 3827 1392 3880 et

261 3920 295 3982 in
312 3920 496 4007 plantarum
511 3928 609 4005 atque
621 3920 810 3984 animalium
824 3921 984 3984 creatione
995 3929 1083 4004 gesta
1095 3928 1178 3982 sunt.
1194 3920 1269 3983 Haec
1282 3929 1391 3983 autem

260 4020 445 4106 conjectura
476 4022 650 4086 conformis
673 4009 725 4085 est
741 4021 842 4086 indoli
870 4021 1041 4103 Geneseos,
1062 4023 1094 4085 in
1121 4044 1184 4109 qua
1205 4023 1391 4085 summatim

257 4131 383 4187 tantum
407 4126 538 4189 historia
563 4126 716 4210 primaeva
733 4124 935 4190 describitur.
962 4126 1128 4189 Praeterea.
1144 4123 1212 4189 dies
1229 4126 1300 4189 illos
1321 4146 1388 4208 ser,

260 4225 377 4312 quibus
401 4229 550 4293 universa
568 4231 686 4294 creatio
708 4228 854 4293 absoluta
877 4229 948 4311 fuit,
975 4211 1155 4314 intelligunt
1174 4230 1300 4314 geologi
1325 4249 1390 4292 000

260 4325 328 4392 dies
345 4333 517 4413 naturales,
531 4330 587 4396 sed
604 4332 743 4416 epochas
758 4331 911 4415 temporis
926 4330 997 4414 plus
1009 4330 1154 4394 minusve
1170 4329 1330 4415 producti,
1345 4331 1388 4392 ita
