3132 4964
358 338 432 380 rans
447 339 470 381 1.
489 337 582 379 curor
598 338 649 380 xv.
671 339 710 379 nr
725 337 849 381 csnmco
863 339 1065 384 cssrrcoauu.
1217 326 1278 390 127

194 438 227 500 2.
247 437 472 521 Argumentum
492 447 521 499 et
543 457 660 521 scopus.
687 436 823 500 Exhibet
845 437 907 502 hoc
927 459 1069 521 carmen,
1090 441 1149 505 sub
1174 443 1279 507 forma

153 539 342 622 dramatico,
363 537 405 603 ad
420 537 554 626 modum
572 539 796 603 Bucolicorum
809 540 944 625 Virgilii,
959 544 1105 627 quamvis
1121 566 1185 608 non
1199 567 1279 610 oon-

153 644 259 706 stituat
280 640 394 706 drama
417 642 545 726 proprie
565 640 685 705 dictum
708 640 768 728 (1),
794 642 934 726 exhibet,
958 645 1103 730 inquam,
1129 649 1279 712 continua

153 744 314 830 colloquia
330 745 413 807 inter
431 741 584 808 dilectum
602 752 633 807 et
655 741 805 807 dilectam
829 745 883 829 qui
906 747 1114 810 tenerrimum
1133 769 1278 812 amorem

153 847 210 911 sibi
228 847 368 911 invicem
384 845 572 931 significant.
591 846 692 910 Porro
708 844 844 911 dilectus
859 859 1104 933 representatur
1120 861 1155 915 nt
1171 862 1278 936 pastor

154 961 183 1014 et
205 972 352 1037 sponsus,
375 948 490 1014 dilecta
506 959 613 1014 autem
631 972 716 1015 nunc
731 951 896 1015 vinearum
912 962 1016 1016 custos
1031 963 1174 1034 vocatur,
1192 976 1278 1018 nunc

154 1075 241 1117 soror
254 1063 287 1118 et
299 1075 415 1139 sponsa
426 1053 656 1138 pulcherrima,
665 1074 750 1118 nunc
763 1054 913 1139 principis
924 1054 999 1139 iilia,
1009 1056 1274 1120 nuncSulamitis.

153 1158 368 1221 Rationalistae
382 1157 441 1221 isto
454 1157 596 1221 carmine
609 1155 765 1220 celebrari
778 1177 922 1220 amorem
934 1179 1023 1221 mere
1035 1158 1207 1243 profanum
1220 1180 1277 1223 seu

154 1260 315 1324 carnalem
327 1239 494 1323 autirmant
508 1281 517 1340 3
539 1259 576 1321 iis
588 1258 664 1321 olim
677 1259 868 1342 praeiverunt
883 1257 1068 1323 Theodorus
1081 1260 1277 1345 Mopsueste-

153 1382 209 1424 nus
226 1371 257 1425 et
279 1362 425 1426 nonnulli
446 1360 597 1444 haeretici,
622 1381 702 1447 quos
724 1358 930 1445 reprehendit
952 1361 984 1424 S.
1006 1361 1192 1426 Philostrius
1214 1362 1273 1447 (2).

107 1449 251 1602 imdaei
274 1471 383 1527 autem
416 1472 447 1526 et
471 1462 640 1527 Christiani
670 1484 800 1527 carmen
830 1464 1078 1548 interpretantur
1101 1461 1142 1527 de
1165 1484 1276 1527 amore

36 1650 41 1669 ,
153 1566 318 1651 spirituali,
338 1587 403 1651 quo
420 1566 505 1629 Deus
524 1566 727 1651 prosequitur
743 1566 898 1651 populum
918 1541 1277 1682 suumffingpjjgihrr
1291 1489 1438 1739 72ξὲ

1466 1707 1476 1742 i

155 1669 315 1733 christiani
338 1666 504 1750 doctores,
531 1667 590 1732 sub
613 1667 785 1752 allegorica
808 1667 957 1780 imaginp
972 1676 1134 1731 tenerrimi
1158 1667 1276 1732 amoris

153 1772 232 1835 inter
243 1781 619 1872 spoQgt-gpfflsam,
633 1769 771 1835 describi
782 1748 1005 1836 unionensilei
1022 1793 1096 1836 cum
1109 1772 1276 1858 synagoga

153 1874 261 1956 veteri,
289 1871 410 1957 idest,
436 1893 511 1936 cm
553 1874 650 1936 oulo
674 1873 847 1937 israelitico
890 1882 922 1936 et
944 1873 1095 1939 unionem
1119 1873 1177 1936 Ilei

147 1893 1276 2142 waldi

34 2076 35 2083 '
154 2079 208 2142 nisi
236 2089 388 2144 continua
413 2099 431 2142 o
456 2087 487 2142 et
518 2079 789 2164 complementum
818 2079 932 2143 vetoris
959 2079 1181 2165 Synagogae‚a
1208 2077 1274 2141 Deo

33 2190 35 2271 i
153 2191 282 2267 propter
300 2180 412 2246 Christi
428 2180 672 2266 abnegationem
688 2202 764 2266 repr
785 2180 878 2245 hate.
893 2182 930 2245 ln
943 2180 1071 2246 Cantico
1085 2181 1180 2266 igitur
1194 2201 1274 2244 can-

783 2262 789 2284 t

154 2284 288 2349 ticorum
304 2281 495 2348 describitur
510 2285 586 2347 unio
602 2282 714 2348 Christi
814 2284 956 2348 Ecclesia
985 2304 1024 2348 ac
1044 2290 1276 2370 consequenter

154 2384 264 2450 Cliti
283 2383 991 2481 wicrammum-„mm
920 2364 1177 2479 busirim
1191 2384 1274 2465 9¹ss¹¹
1318 2443 1323 2452 .

154 2497 257 2553 autem
271 2489 416 2553 omnium
431 2488 613 2552 animarum
623 2487 798 2574 justissima
814 2467 1281 2579 thffln·

154 2591 226 2656 hine
237 2592 378 2656 Ecclesia
398 2592 431 2654 in
449 2589 559 2656 officiis
577 2590 728 2677 liturgicis
748 2592 933 2656 suavissima
951 2612 1075 2678 sponsae
1095 2590 1194 2657 verba
1215 2591 1275 2676 ipsi

155 2672 448 2803 accommodavifl

195 2799 226 2862 5.
250 2799 434 2863 Bossnetius
456 2798 505 2885 (5)
528 2820 602 2864 cum
626 2798 695 2863 aliis
718 2808 803 2863 tonet
824 2801 856 2864 in
876 2799 1005 2864 Cantico
1032 2822 1125 2864 sensu
1148 2800 1275 2863 litterali

134 2942 137 2945 ,
156 2898 289 2964 describi
305 2901 542 2964 matrimonium
559 2900 736 2965 Salomonis
752 2922 825 2965 cum
843 2900 908 2964 filia
925 2902 1008 2986 regis
1026 2902 1162 2986 AEgypti‚
1182 2911 1287 2964 sonsu'

155 3013 258 3068 autem
288 3004 392 3089 typico
419 3024 475 3067 seu
495 3006 625 3089 mystico
647 3004 905 3091 conjunctionem
928 3005 1040 3071 Christi
1064 3014 1094 3069 et
1113 3005 1272 3069 Ecclesiae.

155 3105 216 3171 Sed
227 3117 301 3172 ante
311 3107 523 3190 Bossuetium,
533 3091 697 3172 Cornelius
708 3106 854 3192 alapide
862 3106 933 3193 jam
945 3107 1170 3172 observaverat
1181 3108 1275 3192 plura

157 3210 187 3272 in
198 3210 328 3275 Cantico
343 3209 478 3274 inveniri
490 3231 562 3295 quae
579 3232 644 3275 non
658 3209 817 3296 quadrant
832 3211 865 3274 in
881 3210 979 3281 filiam
992 3211 1076 3296 regis
1088 3211 1226 3296 AEgypti,
1241 3220 1276 3274 ut

156 3314 238 3401 quod
259 3336 372 3399 sponsa
398 3312 514 3378 dicitur
538 3317 663 3379 vineam
682 3337 748 3379 non
765 3314 982 3398 custodivisse,
999 3335 1111 3401 greges
1130 3336 1273 3400 pascere,

156 3438 210 3501 per
232 3418 354 3503 plateas
384 3418 655 3503 perambulavisse
682 3427 778 3504 atque
808 3440 826 3482 a
861 3416 1044 3482 custodibus
1073 3416 1274 3491 verberatam

90 3558 105 3596 ³*
156 3589 263 3641 custos
279 3590 305 3639 rs
325 3590 470 3655 Pirtiotopia
487 3605 565 3644 sacra
577 3592 594 3643 r.
607 3592 649 3653 ni,
662 3600 694 3643 n.
713 3590 733 3646 1.
751 3606 776 3655 p.
795 3593 853 3643 sss.
870 3593 1001 3644 Postrema
1013 3591 1183 3656 inruptionis
1200 3593 1274 3643 veroa

156 3645 266 3728 absidi
280 3658 348 3750 'tt‘i'tt
360 3674 439 3738 aliqui
453 3675 487 3726 ita
498 3676 698 3740 interpretantur
708 3682 737 3727 ut
748 3675 890 3740 significent
905 3691 912 3726 ι
925 3677 993 3740 quoii
1003 3689 1109 3725 carmes
1119 3676 1225 3739 respicit
1240 3678 1276 3725 ad

155 3746 323 3839 Salomonem,
335 3753 367 3826 de
378 3790 418 3838 eo,
428 3777 525 3841 deeius
535 3778 663 3829 amoribus
673 3779 735 3841 agit.
748 3778 798 3829 Sed
811 3777 859 3827 ista
875 3778 1051 3840 interpretatio
1064 3776 1163 3828 admitti
1176 3775 1273 3838 nequit.

156 3859 215 3911 Nun
228 3862 314 3912 rocula
329 3831 347 3906 5
361 3875 393 3912 ex
406 3861 491 3912 indole
502 3861 595 3924 linguae
609 3861 731 3912 hebraica
745 3868 873 3912 auctorem
887 3861 1006 3912 carminis
1021 3861 1146 3925 designet,
1166 3867 1196 3910 ut
1214 3872 1275 3909 con-

156 3948 203 3993 stat
213 3956 244 3994 ex
256 3943 371 4007 plurimis
381 3945 537 3995 Psalmorum
551 3944 765 4008 inscriptionibus.

186 4024 220 4089 (i)
233 4025 344 4076 liebraeis
362 4026 476 4089 ignotum
488 4025 566 4077 hrisse
576 4027 661 4076 drama
679 4028 781 4090 proprie
797 4027 892 4078 dictum
906 4032 992 4077 eontra
1004 4025 1088 4075 Renan
1100 4025 1172 4076 docte
1187 4023 1275 4087 prohat

156 4104 258 4167 ranei,
275 4107 350 4171 euius
361 4107 503 4158 dissertatio
520 4108 547 4158 in
564 4108 691 4159 nonnuliis
708 4107 913 4171 reprehendenda
929 4113 1011 4159 exstat
1028 4108 1054 4157 in
1072 4107 1183 4158 editione
1200 4119 1275 4169 supra

155 4187 251 4240 laudata
262 4189 396 4241 Comeliia
412 4190 514 4254 Lapide.
618 4230 621 4235 .

187 4267 222 4333 (2)
234 4270 304 4322 Hoer.
318 4272 375 4323 ist.

189 4350 223 4416 (ὅ)
238 4353 309 4419 Opus
320 4355 364 4405 cit.
378 4368 403 4418 p.
417 4354 474 4406 stt.
