3166 4958
407 331 482 374 rans
497 332 532 375 n.
546 332 640 376 saror
651 337 686 380 n.
705 338 744 380 mr
754 340 923 384 avarorum
936 341 961 383 s.
977 336 1113 382 rosrms.
1224 345 1229 353 ·
1268 309 1332 373 255

199 432 323 499 dieitur
349 452 358 494 t
385 432 440 495 Est
461 443 559 495 omem
587 436 784 524 Jorosolprnis
806 440 959 524 probatica
984 441 1113 523 piscino,
1138 433 1193 497 ubi
1218 430 1332 495 vocula
1358 416 1362 425 ’

201 548 249 601 est
266 533 354 621 (εστι)
365 533 486 598 indicat
497 533 612 598 urbem
628 536 735 604 adhue
752 542 871 605 stetisse
888 539 1017 626 quando
1034 546 1144 602 auctor
1159 531 1330 613 scribebat,

199 638 351 724 alioquin
369 635 530 701 debuisset
550 636 656 704 disere
679 663 687 704 r
709 644 787 706 Erat
803 634 865 728 (iro)
884 642 1093 728 ierosolymis.
1115 637 1178 702 Sed
1199 637 1333 701 fortasse

201 743 263 806 illa
276 742 398 826 piscina
412 739 520 804 adhuc
531 754 695 826 supererat
713 756 784 830 post
800 745 889 810 urbis
904 744 1117 830 direptionem
1136 761 1194 825 per
1212 739 1329 801 Titum.

201 842 301 908 Adde
315 841 404 929 quod
421 843 514 907 leetio
529 865 591 907 εστι
610 858 653 910 est
669 869 733 912 non
749 847 830 914 adeo
847 857 933 913 certa
949 856 995 910 est
1010 871 1019 930 3
1040 840 1116 909 nem
1133 861 1244 907 omues
1259 859 1332 902 ver·

201 949 312 1011 siones
327 946 467 1031 syriaeae,
487 948 590 1012 versio
610 951 805 1033 armeniacos,
823 951 922 1037 aliqui
939 947 1065 1014 codices
1080 955 1111 1011 et
1122 945 1254 1009 Nonnus
1267 943 1333 1005 Pa-

204 1048 423 1133 nopolitanus,
437 1049 547 1133 legunt
562 1071 570 1112 ε
588 1073 623 1123 ην
637 1030 735 1143 erat]
1458 1130 1463 1137 ,
1499 1108 1505 1117 .

254 1151 284 1214 5.
302 1150 415 1234 Scopas
437 1162 466 1213 ot
479 1155 605 1267 ppcosio.
651 1175 750 1240 copus
772 1176 870 1240 quem
893 1152 1064 1220 intenderit
1086 1152 1226 1216 ioannes
1245 1147 1333 1211 mul·
1374 1102 1437 1198 s
1446 1122 1526 1195 ’Ἃ

203 1253 308 1337 tiplex
324 1252 431 1316 luerit.
451 1253 532 1317 Nam
552 1264 587 1319 et
603 1258 724 1322 volueri
761 1260 878 1323 omisso
898 1257 1051 1323 nonnulla
1068 1257 1101 1320 in
1119 1251 1219 1317 tribus
1243 1251 1334 1336 prio-

204 1355 297 1419 ribus
320 1355 499 1439 Evangeliis
520 1357 665 1443 reterre,
690 1268 855 1425 nddoentes
877 1361 1013 1424 hereses
1036 1355 1222 1436 eradicare,
1247 1374 1286 1438 pr

203 1459 319 1521 sertim
331 1467 438 1522 autem
454 1457 652 1524 divinitatem
672 1462 787 1527 Christi
806 1484 981 1549 veramque
996 1460 1066 1546 ejus
1083 1458 1333 1523 incarnationem

203 1537 460 1651 murtrfflipoe
480 1564 566 1626 enam
588 1562 629 1628 aa
651 1564 751 1629 soem
770 1568 934 1651 Evangelii
959 1566 1006 1629 sui
1027 1563 1104 1628 aion
1124 1561 1217 1647 (xx,
1241 1558 1297 1644 51)
1323 1581 1332 1622 ι

203 1664 285 1729 lieo
320 1675 420 1729 omem
453 1669 566 1752 soeipto
600 1681 672 1732 sunt
706 1682 738 1733 ot
767 1671 894 1735 credatis
918 1673 990 1755 qaia
1012 1669 1102 1732 iesus
1126 1677 1169 1729 est
1191 1662 1334 1728 Gloriatur

205 1764 295 1851 filios
316 1769 402 1832 Dei:
434 1782 464 1833 et
486 1782 520 1834 et
542 1773 691 1838 credentes
714 1778 807 1838 vitem
828 1774 962 1837 totototo
986 1775 1019 1834 iro
1041 1772 1162 1834 nomine
1184 1769 1262 1851 ejus.
1286 1766 1334 1829 Etr

205 1869 261 1935 his
285 1879 374 1953 paret
394 1873 531 1937 voluisse
554 1875 787 1960 Evangelistem
811 1877 947 1961 probare
962 1875 1071 1939 lesum
1088 1893 1156 1936 esse
1172 1871 1334 1935 Christum

204 1984 269 2037 sea
282 1972 565 2040 MessiamJudaeis
579 1978 770 2061 promissum
790 1980 959 2064 ipsumque
979 1997 1048 2040 esse
1063 1968 1138 2039 vere
1154 1981 1188 2036 et
1206 1971 1335 2057 proprio

205 2073 312 2139 filium
324 2075 531 2143 Dei.'1deireo
545 2101 584 2143 ea
597 2082 773 2165 praesertim
786 2082 886 2146 reiert
897 2083 931 2146 in
944 2079 1060 2165 quihus
1071 2079 1174 2141 eluoet
1188 2074 1335 2140 divinitas

204 2177 336 2264 Christi,
351 2201 453 2267 quam
476 2191 552 2246 tune
575 2184 736 2269 negabant
758 2185 909 2249 haeretiei.
934 2183 1075 2264 Quinam
1092 2189 1201 2244 autem
1217 2177 1335 2241 luerint

206 2280 258 2344 illi
273 2280 424 2365 lroeretioi,
440 2305 523 2369 quos
539 2286 675 2350 voluerit
689 2287 829 2355 ioannes
843 2287 1045 2371 impugnare,
1065 2304 1128 2347 non
1147 2282 1189 2345 ito
1209 2281 1309 2365 liquet
1324 2304 1333 2359 3

209 2384 355 2449 nominat
387 2385 525 2452 [mamas
554 2387 739 2453 Cerinthum
771 2399 804 2452 et
830 2388 1025 2466 Nicolaitae,
1059 2385 1270 2466 Hieronymus
1304 2390 1336 2445 et

206 2482 407 2570 Epiphanius
422 2489 520 2553 citant
534 2490 731 2575 Corinthum,
752 2492 914 2556 Ebionitas
929 2491 1073 2574 aliosque
1094 2487 1257 2550 haeretioos
1273 2484 1333 2569 (l).

99 2668 105 2674 ‚
208 2588 321 2653 Voluit
343 2599 497 2674 preterea
519 2594 680 2676 loannes,
711 2604 747 2658 ut
769 2589 1098 2657 testantur-Eusebius
1121 2596 1153 2651 et
1174 2587 1336 2671 Hiemny-

210 2712 285 2756 mus
304 2692 362 2778 (θ’),
377 2696 530 2779 supplere
544 2717 585 2759 ea
601 2717 671 2782 que
690 2696 732 2761 ab
747 2698 817 2761 aliis
835 2694 1042 2780 Evangelistis
1062 2692 1189 2755 fuerant
1204 2689 1333 2753 omissa.
1381 2754 1388 2764 ,

240 2970 277 3030 (l)
287 2968 407 3033 trenam,
419 2971 518 3022 Contra
529 2970 592 3022 lroer.
604 2970 647 3032 lli,
666 2972 705 3030 li,
724 2972 733 3021 l
751 2985 759 3019 t
780 2969 915 3022 «ioannes
929 2971 1016 3020 rolens
1032 2980 1079 3031 per
1095 2964 1224 3028 Evangelii
1235 2976 1336 3032 annun·

204 3051 338 3101 tiationem
352 3052 453 3104 auterre
467 3066 537 3113 eum,
557 3053 601 3117 qui
618 3065 632 3101 a
650 3052 770 3103 Cerintho
786 3052 952 3103 inseminatus
969 3057 1023 3101 erat
1037 3047 1192 3107 hominibus,
1214 3057 1335 3105 errorem,

203 3141 234 3185 et
255 3134 335 3185 multo
353 3135 469 3198 priusab
481 3135 523 3185 lais
546 3137 592 3199 qui
609 3136 731 3185 dieumm
752 3134 912 3188 Nicolaitae...
928 3134 964 3184 sie
986 3129 1111 3182 inchoavit
1128 3126 1301 3191 Evangelium.
1323 3142 1334 3171 s

207 3215 323 3277 utem,
338 3216 452 3267 Protin
468 3217 561 3268 Mottt.
573 3233 588 3264 ι
601 3216 718 3277 loannes,
732 3229 813 3280 quum
823 3223 891 3268 esset
907 3216 932 3266 in
950 3215 1018 3275 Asia,
1031 3220 1057 3265 et
1066 3213 1117 3276 jam
1133 3219 1195 3263 tuso
1205 3209 1337 3263 heretico-

204 3312 266 3348 rum
276 3300 372 3351 semtm
378 3289 546 3365 pullularent.
560 3298 675 3350 derinthi
687 3305 713 3349 et
728 3299 831 3351 Ebionis
842 3306 870 3349 et
879 3304 1033 3358 ceterorum,
1045 3295 1091 3359 qui
1104 3300 1198 3358 nepam
1206 3291 1336 3344 Christum

205 3381 234 3430 in
249 3393 324 3431 mrne
332 3383 463 3432 senisse...
477 3388 578 3433 mamus
589 3389 629 3432 est
645 3382 676 3432 ab
691 3381 809 3432 omnibus
827 3395 891 3444 pene
908 3387 970 3431 tuoe
988 3379 1053 3431 Asiae
1065 3377 1190 3441 episeopis
1204 3383 1231 3426 et
1244 3374 1337 3425 multa·

206 3475 267 3512 rum
292 3463 656 3526 Eodesiaromlegationihus
679 3465 711 3514 de
731 3463 864 3514 divinitate
888 3463 1022 3514 salvatoris
1049 3461 1125 3511 altius
1142 3459 1285 3510 seribere...
1306 3457 1337 3508 Et

203 3545 374 3596 eeclesiasnes
399 3553 483 3597 narrat
508 3546 628 3604 historia,
654 3559 734 3609 quum
759 3559 774 3596 a
797 3544 918 3596 iratribus
937 3551 1071 3607 maeretur
1087 3550 1117 3594 ut
1138 3543 1279 3600 scriberet,
1302 3540 1337 3590 ita

205 3627 335 3677 iacturum
360 3640 388 3677 se
404 3628 572 3690 respondisse,
587 3628 620 3688 si,
637 3627 732 3677 indicto
747 3627 845 3689 ieiunio
862 3627 888 3676 in
904 3624 1051 3687 mmmuni,
1069 3637 1158 3675 onmes
1179 3624 1258 3673 mum
1278 3635 1337 3685 pre·

203 3714 335 3759 curentur.
358 3708 415 3770 Quo
429 3709 550 3772 expleto,
575 3710 727 3759 revelatione
743 3715 888 3769 saturatus,
914 3709 941 3757 in
958 3707 1019 3758 illud
1040 3705 1191 3771 prooemium
1208 3702 1271 3754 coelo
1292 3712 1337 3752 re·

127 3785 130 3795 '
205 3792 282 3842 niens
293 3791 395 3853 erupit:
412 3791 444 3841 lo
451 3790 593 3856 principio,
605 3797 655 3842 ete.
673 3809 684 3838 a
701 3791 752 3841 Cir.
773 3790 907 3857 Epiphan„
928 3794 995 3840 tter.
1007 3789 1048 3850 Ll,
1061 3795 1088 3838 et
1100 3785 1183 3846 Lxlll,
1195 3784 1236 3834 23.

241 3872 279 3935 (2)
294 3872 401 3933 liuteis„
418 3873 484 3924 ittet.
501 3874 570 3925 Boot.
593 3872 636 3934 lll,
656 3873 711 3923 dl:
729 3891 741 3919 s
760 3872 866 3923 Pedatis
880 3873 931 3935 jam
949 3872 976 3921 in
992 3871 1106 3921 omnium
1127 3867 1258 3930 ipsiusque
1275 3864 1337 3914 adeo

204 3955 310 4007 loannis
326 3957 442 4006 notitiam
467 3955 618 4020 supradietis
644 3955 726 4006 tribus
747 3955 909 4018 Euangelus,
931 3952 1109 4018 appmbavisse
1134 3962 1164 3998 ea
1187 3947 1293 3998 ioannes
1310 3954 1338 3996 et

206 4037 342 4087 ueritatem
358 4038 512 4100 scriptorum
539 4051 585 4089 suo
609 4038 755 4088 testimonio
780 4037 939 4088 confirmasse
961 4036 1057 4087 dieitur
1075 4047 1082 4083 ε
1102 4032 1179 4082 solam
1202 4042 1261 4080 vero
1278 4042 1337 4079 nar·

207 4118 335 4168 rationem
350 4131 439 4170 aarum
458 4131 544 4169 rerum
569 4132 633 4182 quas
658 4118 774 4169 Christus
798 4119 864 4168 eirea
882 4115 1065 4181 predicationis
1085 4113 1187 4164 initium
1206 4117 1335 4176 gesserat,
1376 4123 1379 4128 ·

206 4199 375 4253 desiderasse.
394 4200 427 4250 Et
446 4199 559 4264 prolecto
575 4202 609 4251 ita
626 4214 653 4250 se
676 4212 716 4250 res
734 4199 817 4250 tranet.
835 4201 896 4249 Nam
916 4199 1059 4262 superiores
1075 4203 1128 4247 tres
1146 4193 1336 4258 Evangeltstas,

206 4291 241 4333 ea
255 4283 394 4344 dumtaxat,
408 4282 466 4346 quae
481 4282 688 4345 postoonleetum
706 4282 733 4332 io
752 4283 850 4332 nucula
868 4282 988 4332 tmonem
1006 4281 1160 4344 Baptistam,
1185 4277 1262 4326 unlus
1277 4274 1337 4325 anni
1410 4300 1414 4303 ·

208 4363 340 4419 cumrato
360 4377 375 4415 a
396 4365 528 4416 servatore
549 4370 635 4416 nostro
650 4370 720 4429 gesta
735 4370 805 4426 suot,
828 4363 921 4415 litteris
936 4363 1066 4413 mandasse
1086 4360 1246 4425 perspicuum
1264 4362 1334 4406 est...
