3168 4948
257 302 322 365 294
486 324 685 368 rannonuerm
701 328 849 370 seuerius
865 330 898 370 m
914 330 939 372 s.
959 329 1158 372 scararuaau.

260 430 334 484 runt
347 420 417 505 (Di
435 423 467 485 Si
483 433 589 488 autem
603 413 811 511 Evangelistae
824 427 965 514 aliquem
985 426 1147 493 finxissent
1164 429 1327 510 Messiam,
1341 426 1382 493 ad

260 544 359 609 quam
372 546 441 587 rem
456 526 639 613 ineptissimi
656 539 758 612 erant,
780 539 815 594 ut
832 530 980 613 diximus,
1000 532 1097 595 talem
1116 531 1280 596 finxissent
1299 533 1384 596 Mes—

258 627 352 708 sinm,
379 629 432 712 qui
458 638 525 693 tum
546 630 578 693 in
601 632 755 716 moribus,
776 644 843 697 tum
864 635 896 697 in
912 634 1069 717 doctrina,
1091 645 1159 699 tum
1174 637 1207 699 in
1225 636 1312 700 omni
1330 655 1385 698 sua

259 727 378 812 agendi
412 732 535 795 ratione
568 733 717 798 Judaeum
754 758 787 799 se
811 739 960 801 continuo
995 739 1200 822 prestitisset,
1226 737 1388 801 finxissent

260 830 419 915 Messiam,
438 832 567 917 qualem
584 856 659 898 eum
677 836 888 921 expectabant
906 838 967 925 (2),
986 837 1103 903 Judaeis
1121 840 1196 903 solis
1211 839 1384 918 faventem,

259 932 408 1016 gentibus
423 955 500 999 vero
513 935 696 1021 adversum,
712 940 857 1003 Messium
880 961 1016 1026 regnum
1028 942 1204 1026 temporale
1217 939 1386 1026 possiden-

260 1044 327 1098 tem
344 1044 376 1099 et
387 1034 505 1100 Judaeis
521 1041 696 1122 potentiam
723 1050 884 1107 terrenam
910 1063 1007 1129 quam
1028 1044 1199 1107 amiserant
1214 1043 1387 1107 restituen-

260 1146 339 1201 tem.
364 1139 448 1202 Nihil
473 1162 569 1225 porro
592 1142 655 1206 tale
677 1144 711 1207 in
733 1144 857 1210 Christo
879 1146 1049 1232 reperitur.
1075 1146 1225 1209 Doctrina
1256 1141 1387 1230 ejusde

264 1240 476 1326 providentia,
496 1242 536 1307 de
554 1246 719 1311 vocatione
739 1250 894 1332 gentium,
908 1247 950 1313 de
967 1249 1054 1312 cultu
1067 1247 1233 1333 spirituali,
1249 1246 1292 1310 de
1305 1245 1387 1310 abo-

163 1411 167 1418 ,
260 1345 372 1408 titione
395 1346 622 1412 sacrificiorum
640 1350 803 1435 legalium,
826 1350 865 1415 de
882 1349 1075 1437 perficienda
1095 1352 1165 1435 lege
1181 1351 1331 1433 Mosaica,
1349 1347 1388 1412 de

263 1446 425 1531 fugiendis
438 1448 554 1514 divitiis
568 1459 599 1515 et
616 1451 810 1537 exquirenda
829 1464 1028 1540 paupertate,
1048 1453 1088 1518 de
1103 1455 1223 1517 unitate
1238 1463 1271 1517 et
1286 1451 1389 1516 indis-

260 1549 455 1615 solubihtate
473 1552 679 1636 matrimonii,
699 1553 740 1619 de
755 1557 901 1621 sensibus
916 1555 1144 1622 mortificandis
1158 1565 1191 1620 et
1205 1553 1388 1640 subigendis

260 1654 472 1739 passionibus,
505 1654 548 1719 de
568 1658 758 1722 exoellentia
789 1659 997 1744 virginitatis,
1024 1659 1102 1723 nihil
1126 1657 1241 1723 indolis
1263 1656 1387 1722 Judaici

262 1774 328 1839 prae
343 1775 379 1819 se
397 1755 503 1822 ferunt
519 1757 576 1843 (ὅ).
598 1758 716 1823 Proeul
738 1759 833 1844 igitur
852 1759 895 1824 ab
910 1761 1081 1846 Evangelio
1102 1759 1254 1844 fictiones,
1275 1759 1387 1844 procul

259 1858 373 1942 mythi,
393 1860 506 1943 procui
527 1859 693 1945 legende!
712 1862 834 1927 Sinceri
851 1863 1058 1947 Evangelistae
1072 1862 1184 1926 desum
1196 1861 1386 1947 depingunt,

260 1961 365 2046 qualis
381 1962 459 2026 olim
478 1963 563 2027 visua
575 1973 621 2028 est
634 1972 668 2028 et
684 1963 822 2029 auditus.

335 2179 368 2245 b.
382 2179 582 2266 Euaaqetistte
595 2203 656 2245 aaa
668 2185 836 2266 potuissent
847 2182 981 2267 desipere
998 2183 1117 2245 etiamsi
1132 2178 1303 2245 noluissent.

307 2398 360 2461 12.
394 2397 463 2461 Hoc
487 2399 615 2462 tertium
638 2404 789 2484 urgemus
821 2398 863 2463 ad
887 2397 1113 2464 vindicandam
1141 2399 1387 2483 Evangeliorum

261 2502 439 2585 veritatem,
456 2510 490 2565 et
502 2501 638 2566 tidenter
650 2503 821 2567 asserimus
834 2503 1061 2588 Evangelistas,
1075 2502 1198 2566 etiamsi
1207 2499 1387 2586 decipiendi

260 2604 460 2667 voluntatem
485 2604 679 2686 habuissent,
705 2626 776 2668 earn
801 2604 954 2690 perficere
984 2605 1173 2690 nequivisse.
1200 2604 1277 2684 Quae
1299 2604 1387 2667 enim

261 2716 394 2770 narrant
410 2706 522 2772 Christi
538 2709 705 2790 miracula,
728 2717 827 2793 gesta,
848 2728 1022 2790 sermones,
1041 2716 1176 2771 mortem
1195 2727 1233 2770 ae
1250 2727 1387 2770 resurre-

261 2808 414 2891 ctionem,
440 2809 483 2873 ita
505 2808 634 2894 publice
657 2817 728 2874 acta
751 2811 892 2892 fuerunt,
915 2818 949 2874 et
970 2810 1048 2873 tanti
1071 2816 1144 2872 sunt
1163 2809 1329 2889 momenti,
1353 2815 1388 2870 ut

252 2909 370 2975 ‘fraudi
386 2913 474 2977 loeus
492 2912 597 2976 nullus
609 2914 661 2977 sit.
685 2911 842 2977 Referunt
856 2911 1063 2997 Evangeiistae
1077 2909 1191 2975 Christi
1210 2930 1385 2990 sermones,

264 3035 328 3077 non
346 3014 379 3077 in
391 3015 518 3080 oeeuito
530 3014 656 3080 habitos
669 3013 728 3080 sed
746 3013 885 3101 publiea,
905 3016 938 3079 in
957 3023 1077 3097 monte,
1096 3013 1130 3077 in
1152 3013 1330 3098 synagogis,
1355 3011 1388 3075 in

261 3117 513 3201 tempto,eoram
527 3115 913 3204 congregatadudaeorum
926 3114 1139 3189 multitudine,
1154 3135 1264 3179 eoram
1275 3113 1387 3178 scribis

261 3218 295 3282 et
309 3221 482 3303 phariseis.
499 3221 546 3284 Ita
562 3229 669 3285 autem
687 3222 795 3306 palam
812 3220 952 3285 Christus
964 3217 1143 3284 doctrinam
1154 3236 1247 3281 suam
1264 3238 1387 3302 propo·

296 3452 331 3514 (t)
347 3469 358 3498 a
374 3453 464 3504 ttirons
479 3467 541 3504 trous
554 3467 605 3517 que
614 3454 737 3504 t'histoire
748 3454 926 3517 serarianas
937 3451 1133 3503 est-invention
1147 3452 1250 3515 phtsirt
1265 3451 1322 3501 hen
1335 3450 1388 3500 ami

260 3546 293 3585 ce
304 3535 369 3585 n'est
379 3546 422 3598 pas
436 3535 499 3585 ainsi
511 3535 587 3599 qu⁸ou
604 3536 716 3596 invente,
726 3544 754 3586 et
768 3538 804 3586 tes
818 3535 876 3587 faits
886 3537 919 3586 de
928 3536 1031 3587 Socrate
1038 3533 1102 3584 dont
1116 3536 1242 3597 personne
1261 3547 1293 3583 ne
1311 3533 1390 3583 doute

262 3623 320 3667 snat
332 3616 414 3667 maim
422 3618 529 3668 attestes
539 3630 590 3681 que
599 3628 664 3667 oeax
679 3617 711 3668 de
723 3617 899 3669 ttsuschrtst.
919 3616 960 3667 Au
972 3614 1030 3666 ond
1041 3614 1104 3665 e'est
1117 3616 1216 3665 recuter
1230 3615 1254 3665 ta
1269 3612 1391 3665 <timeum

262 3712 321 3749 sans
343 3700 366 3750 ta
389 3699 514 3751 detrahe.
534 3698 554 3749 u
577 3702 653 3751 remit
671 3701 727 3762 ptus
744 3700 918 3751 ineonoevabte
937 3710 987 3762 que
1002 3696 1127 3760 ptusieurs
1146 3697 1260 3747 hommes
1275 3695 1389 3746 d'aeeord

261 3787 367 3833 eussent
383 3781 498 3845 fabrique
511 3793 540 3831 oe
551 3781 623 3841 hare,
638 3782 698 3846 qu’it
714 3795 746 3832 ne
757 3783 813 3833 l'est
825 3782 904 3846 qu'un
919 3779 974 3831 seut
990 3792 1022 3829 eu
1031 3779 1069 3828 att
1078 3777 1162 3828 fourni
1173 3779 1198 3828 le
1211 3778 1288 3838 sajet.
1298 3776 1391 3827 lamnis

260 3864 307 3914 des
321 3873 428 3916 auteurs
446 3862 512 3915 tutis
526 3863 654 3913 n'eussent
669 3865 758 3915 trouve
782 3865 807 3914 nt
820 3877 850 3915 oe
870 3871 923 3925 mn,
941 3862 967 3912 ni
977 3868 1043 3912 cette
1057 3861 1166 3924 morate3
1182 3866 1208 3910 et
1224 3859 1391 3922 renunes

259 3945 306 3995 des
321 3947 463 3998 caracteres
478 3946 511 3997 de
530 3943 610 3995 verite
631 3945 651 3994 st
666 3947 768 4009 grands,
785 3948 806 3998 st
823 3945 960 4010 suppanis,
989 3943 1010 3993 st
1033 3940 1209 4006 parhitemeut
1227 3938 1391 4011 intromittas,

260 4040 308 4090 que
321 4027 471 4079 tineenteur
481 4041 514 4078 sn
523 4027 605 4078 eeratt
620 4027 682 4091 ptus
700 4031 822 4080 ttoanant
835 4042 884 4094 qne
895 4029 918 4077 te
929 4026 1012 4077 heros.
1030 4036 1043 4071 e
1056 4023 1205 4101 heasecan,
1219 4021 1304 4075 Emtte
1315 4022 1334 4073 t.
1347 4018 1390 4072 Ν.

261 4122 288 4171 p.
301 4110 358 4162 117.

288 4188 325 4252 (2)
336 4190 428 4242 unat.
439 4186 492 4247 XX,
503 4188 552 4248 213
568 4189 626 4240 bue.
639 4186 723 4249 XXW,
737 4187 784 4250 213
795 4186 852 4238 Act.
862 4187 881 4248 1,
894 4186 918 4240 d.

295 4271 333 4335 (5)
344 4272 394 4324 Ch.
415 4270 554 4332 Wtsemao,
568 4271 698 4324 vtteoure
711 4283 759 4320 aar
774 4269 811 4320 tes
822 4275 1028 4336 rapportaentre
1043 4271 1071 4323 ta
1088 4262 1198 4338 retiptou
1210 4275 1235 4321 et
1249 4269 1275 4320 ta
1291 4269 1393 4323 seim

262 4354 368 4406 rendlee.
380 4354 422 4405 Ν*
433 4353 504 4405 Dies.
