3142 4964
458 350 533 393 osus
546 351 569 393 1.
584 349 678 392 carm
690 350 713 392 1.
733 349 771 391 nu
787 347 1009 392 aunrsruueso.
1261 333 1299 398 21

173 451 335 517 dictorum
351 459 382 514 et
396 450 556 514 factorum
571 449 718 535 apprime
735 447 871 513 erudito.
888 449 989 512 Nemo
1007 458 1115 513 autem
1138 453 1254 516 melius
1270 450 1302 515 id

173 575 271 640 agere
293 555 395 640 potuit
412 574 510 639 quam
534 554 601 638 ipse
627 553 758 637 Moyses.
780 553 849 615 Imo
871 573 965 616 nemo
982 552 1062 616 alius
1086 554 1145 618 nisi
1169 554 1212 619 ab
1235 556 1304 641 ipso

172 659 280 742 Moyse
294 655 424 720 edoctus
436 654 469 719 id
484 656 591 719 fucere
604 655 768 739 potuisset.
782 655 883 719 Porro
897 654 1042 739 pluribus
1057 654 1169 739 Exodi,
1185 666 1216 721 et
1233 657 1304 720 Nu-

173 780 338 823 merorum
352 757 508 845 capitibus
523 756 639 821 diserte
655 757 806 822 asseritur
817 778 855 820 ea
874 777 938 821 non
956 757 998 821 ab
1013 758 1077 822 aiio
1094 757 1149 822 sed
1167 781 1186 823 a
1199 761 1304 846 Moyse

173 864 244 949 ipso
260 863 355 926 fuisse
374 861 564 947 conscripta.
581 861 632 924 Sic
647 860 746 925 Enod.
761 860 864 941 XVII,
878 861 920 923 14
927 858 1061 945 jubetur
1073 884 1091 925 a
1104 863 1170 926 Deo
1183 863 1305 948 Moyses

174 965 316 1031 scribere
332 964 500 1029 victoriam
512 961 554 1027 de
566 962 699 1027 Amalec
715 972 911 1048 reportatam
915 963 1304 1045 >sanatorem-

174 1083 310 1133 mentum
334 1072 366 1155 in
382 1066 524 1155 pepp-(1)
541 1078 571 1155 et
585 1067 670 1157 trade
694 1066 817 1140 nuribus
839 1068 943 1130 Josne.
964 1067 1072 1148 Quum
1090 1069 1306 1152 pervenissent

143 1150 539 1255 sffidmontem
548 1152 637 1232 Sinai
655 1167 949 1253 Deus'de'ciiiogum
966 1170 1183 1253 promulgavit
1195 1170 1305 1233 varia-

175 1296 240 1360 que
252 1282 408 1358 precepta
419 1270 587 1357 judicialia
601 1268 709 1353 edixit,
725 1291 796 1356 quse
807 1271 935 1356 Moysen
948 1273 1170 1356 conscripsisse
1183 1282 1305 1337 constet

175 1399 216 1440 ex
236 1399 307 1462 cap.
322 1375 438 1457 XXIV,
460 1376 492 1459 4,
515 1374 535 1436 7
559 1396 566 1437 :
589 1374 718 1458 Scripsit
733 1386 833 1436 etitem
850 1375 966 1460 Moyses
982 1377 1137 1440 universos
1155 1397 1306 1440 sermones

175 1481 341 1543 Domini...
362 1479 588 1562 Assumenspue
604 1475 741 1540 volumen
760 1475 903 1560 sederis,
926 1475 996 1562 Iepit
1019 1478 1158 1540 audiente
1178 1478 1303 1563 populo.

175 1582 215 1645 Et
233 1590 404 1666 postquam
418 1580 503 1643 Deus
523 1579 611 1642 bisce
638 1578 804 1662 preceptis
821 1579 883 1642 alia
902 1577 1087 1662 addidisset,
1105 1602 1215 1645 rursus
1232 1602 1304 1667 cap.

175 1683 324 1763 XXXIV,
349 1683 390 1745 27
416 1704 425 1746 r
449 1684 596 1766 Dicitque
616 1681 767 1745 Dominus
791 1681 831 1744 ad
852 1683 977 1779 Mopsen
991 1707 1001 1744 .·
1019 1682 1123 1763 ngibe
1146 1683 1201 1765 pti
1218 1683 1307 1771 pr

175 1784 249 1858 hoec,
265 1784 370 1869 quibus
383 1796 411 1847 et
424 1796 517 1847 tecnm
533 1794 562 1846 et
576 1805 641 1847 cnm
658 1781 756 1846 Israel
770 1785 875 1867 pepipi
883 1784 992 1868 soedos.
1013 1786 1139 1850 Numer.
1157 1785 1305 1866 XXXIII,

176 1888 253 1970 1-2,
279 1887 413 1972 legimus
434 1909 442 1950 ε
467 1887 525 1949 Hae
548 1897 619 1950 sont
640 1888 811 1950 mensiones
834 1885 970 1971 filiorum
993 1887 1101 1962 Israel,
1126 1892 1180 1974 peti
1196 1892 1307 1974 opressi

174 2002 249 2055 sont
267 1990 302 2053 de
320 1991 453 2076 AEpypto
467 2011 524 2073 per
545 1999 662 2052 turmas
682 2010 753 2052 suos
771 1991 803 2050 in
820 2010 915 2050 nmnn
932 1991 1032 2075 Mopsi
1048 2002 1076 2053 et
1091 1991 1211 2064 Aaron,
1230 2013 1306 2075 qnos

175 2095 335 2178 descripsit
349 2094 467 2179 Moyses
475 2094 570 2176 juxto
585 2103 751 2155 castrorum
771 2090 835 2154 ioca
856 2113 922 2176 qne
941 2093 1069 2181 Domini
1075 2095 1214 2177 jussione
1234 2116 1306 2157 mn-

176 2197 292 2261 tobont.
317 2198 408 2259 Dent.
433 2196 564 2279 XXXI,
590 2197 611 2260 9
635 2219 643 2258 z
668 2196 737 2260 Scri
758 2198 798 2260 sit
820 2198 921 2280 itaque
949 2198 1066 2282 Moyses
1089 2195 1117 2259 le
1136 2220 1182 2260 em
1205 2198 1303 2271 Itone,

79 2302 84 2309 '
175 2311 205 2363 et
235 2299 359 2362 tradidit
390 2322 455 2362 eom
486 2218 1309 2385 secerdorttffissffi'cfb't‘ceiffassffripm

177 2424 248 2486 erpo
266 2405 381 2488 Mopses
396 2404 556 2475 canticum,
576 2413 604 2464 et
628 2401 728 2465 docuit
749 2400 831 2485 filios
855 2401 962 2466 lsrael.
990 2402 1112 2466 Deinde
1133 2424 1209 2466 cers.
1235 2403 1304 2465 nt:

176 2504 350 2588 Postquam
373 2525 442 2589 erpo
465 2506 587 2588 scripsit
610 2505 727 2588 Moyses
751 2502 840 2566 verbe
860 2505 948 2588 lepis
976 2502 1068 2588 hujus
1091 2507 1123 2567 in
1156 2503 1307 2569 oolnmine

177 2617 268 2691 atque
291 2604 447 2688 complevit
468 2631 478 2668 :
499 2607 642 2690 precepit
663 2604 779 2678 levitis,
804 2608 859 2689 qni
877 2605 1040 2689 portabunt
1061 2628 1164 2669 orcum
1186 2608 1307 2692 [sederis

176 2709 315 2779 Domini,
335 2706 458 2771 dicens:
476 2705 582 2770 Tollite
596 2705 708 2770 librom
721 2708 859 2781 istum,et
868 2709 972 2792 ponite
988 2728 1055 2770 eum
1075 2710 1108 2770 in
1123 2706 1215 2771 intere
1229 2728 1308 2770 orcae

176 2810 300 2896 sederis
314 2809 442 2873 Domini
453 2810 512 2872 Dei
524 2812 627 2873 vestri.
649 2810 722 2873 Sive
740 2819 848 2873 autem
868 2819 970 2873 totum
986 2810 1239 2874 Pentateuch‘um
1256 2810 1307 2873 vel

178 2912 286 2976 solum
298 2912 581 2975 Deuteronomium
592 2911 679 2975 bisce
690 2912 825 2976 textibus
837 2911 979 2976 indicare
992 2912 1204 2996 voluerit,boc
1217 2914 1307 2997 parvi

178 3014 291 3078 refert.
306 3014 387 3077 Nam
399 3014 682 3077 Deuteronomium
696 3015 845 3099 supponit
859 3013 957 3078 libros
974 3012 1188 3099 praecedentes
1201 3015 1261 3099 (2),
1277 3023 1308 3078 et

178 3120 211 3181 in
227 3126 363 3201 utroque
377 3138 452 3181 casu
467 3138 594 3202 semper
610 3115 868 3181 concludendum
890 3127 1034 3181 remanet
1054 3117 1306 3181 Pentateucbum

213 3393 250 3457 (1)
261 3388 463 3480 Hebraicetpvtt
475 3399 534 3439 cum
543 3387 659 3439 articulo.
676 3388 714 3438 lix
728 3399 780 3451 quo
793 3395 863 3449 patet
877 3400 929 3450 quo
942 3395 1056 3452 tempore
1071 3391 1119 3440 ista
1133 3390 1236 3443 detorta
1250 3406 1309 3444 eoo·
1371 3385 1374 3391 ’

179 3493 275 3555 scripta
288 3497 337 3553 est,
350 3491 403 3555 iam
420 3489 532 3542 extitisse
547 3488 641 3537 librum
659 3488 685 3539 in
702 3501 754 3552 quo
774 3489 870 3552 Moyses
888 3488 940 3538 baee
954 3487 1089 3539 addiderit.
1105 3489 1169 3539 Mine
1184 3491 1309 3554 conjicere

178 3574 239 3623 ticet
251 3572 300 3621 alia
314 3584 328 3621 a
341 3571 425 3636 Moyse
435 3572 487 3634 jam
502 3568 581 3619 tuisse
598 3574 706 3629 exarata,
722 3574 752 3618 nt
765 3582 789 3618 v.
805 3582 830 3631 g.
844 3581 902 3632 qua
915 3576 1031 3632 spectant
1045 3570 1129 3633 plagas
1143 3569 1307 3634 AEgyptiaoes.

214 3654 250 3718 (2)
275 3654 500 3705 deuteronomium
523 3650 679 3701 mentionem
702 3650 796 3714 ingerit
823 3651 934 3713 plurium
960 3659 1098 3702 eventuum
1116 3651 1205 3716 quiin
1223 3653 1310 3705 Exodo

179 3737 320 3802 prasertim
334 3742 361 3785 et
379 3734 497 3785 Muneris
510 3733 652 3793 ostentum
673 3736 796 3793 praterea
809 3743 875 3793 saepe
889 3732 978 3782 iisdem
994 3731 1077 3782 verbis
1094 3731 1184 3781 recitat
1197 3732 1267 3796 teges
1282 3734 1309 3783 in

179 3819 254 3871 tibris
267 3818 468 3882 precedentibus
491 3816 592 3868 renus.
606 3813 759 3878 quandoque
771 3815 886 3877 quaedam
906 3815 981 3865 verba
1001 3813 1041 3863 vel
1059 3813 1129 3864 addit
1148 3814 1189 3863 vel
1203 3823 1309 3868 resecat.

181 3902 351 3953 posteriorem
374 3912 429 3950 esse
446 3897 627 3961 legislationem
644 3894 833 3947 deuteronomii
854 3895 1002 3957 legislationi
1023 3895 1149 3945 sinaiticae
1169 3894 1209 3945 his
1227 3896 1310 3946 serbis

181 3983 372 4044 indicatureap.
383 3978 492 4040 XXIX,1
507 3993 513 4029 :
530 3983 588 4028 Htec
600 3982 660 4027 sont
674 3976 753 4027 verta
768 3976 872 4040 soerteris
885 3977 1087 4041 quodpraecepit
1100 3977 1168 4029 Dens
1183 3976 1269 4041 Mopsi
1281 3982 1310 4027 ot

181 4066 272 4130 [erint
284 4076 345 4113 eom
358 4062 421 4128 yiiiis
431 4061 513 4112 Israel
528 4061 557 4110 in
573 4066 645 4110 terro
656 4058 737 4117 Moab,
751 4064 850 4125 preter
860 4057 925 4109 idud
938 4059 1029 4122 sedus,
1042 4061 1111 4124 quod
1125 4073 1182 4109 eum
1195 4059 1229 4109 iis
1237 4061 1311 4125 pepi·

182 4146 220 4211 pit
229 4144 256 4193 in
266 4147 328 4194 iton
336 4141 361 4191 b.
372 4141 452 4191 Porro
461 4141 557 4204 Moyses
567 4141 622 4203 ipse
632 4140 657 4189 tn
669 4139 865 4190 Deuteronomio
874 4138 951 4188 libros
961 4140 1133 4202 precedentes
1140 4140 1193 4202 jam
1204 4141 1311 4203 scriptos

183 4239 236 4277 esse
247 4224 309 4276 satis
320 4222 425 4283 iudicet,
440 4223 540 4286 quaudo
554 4222 580 4272 in
590 4220 643 4272 suis
654 4220 839 4270 hortationibus
850 4219 913 4270 dicit
926 4220 1048 4270 servanda
1059 4233 1116 4271 esse
1130 4233 1160 4270 ea
1173 4233 1230 4285 quae
1242 4221 1312 4271 scri-

181 4314 228 4374 pte
236 4312 298 4360 sunt
308 4307 338 4357 in
346 4304 396 4356 nac
407 4305 466 4370 tepe,
479 4304 508 4354 in
518 4304 564 4355 doc
573 4302 702 4355 volumine
717 4301 800 4364 (Dent.
811 4299 897 4361 XXIX,
911 4300 954 4363 20,
969 4299 1010 4363 273
1023 4302 1098 4364 XXX,
1111 4303 1161 4367 to).
1173 4302 1225 4354 IIoc
1234 4302 1314 4354 taten-

183 4395 224 4441 tur
235 4390 284 4455 ipsi
298 4384 447 4447 adversarii,
460 4392 490 4436 ut
501 4386 606 4437 Kuenen
616 4397 671 4449 cap.
682 4381 702 4446 1,
719 4385 742 4435 1.

1148 4467 1179 4530 2.
