3142 4964
294 349 352 419 6⁴
541 377 741 421 tttrnouuc'rlo
759 377 905 419 stacteus
923 377 953 419 1!
970 372 1214 422 &saturabunt

308 475 400 559 verit,
418 484 526 540 tamen
543 475 611 563 ejus
627 477 842 541 narrationem
858 474 922 538 fide
942 475 1072 560 dignam
1092 498 1159 541 esse
1174 477 1321 563 pluribus
1342 479 1439 545 erin·
1503 454 1507 461 r

309 578 401 642 citur.
413 578 537 642 Etenim
549 581 643 663 plura
655 579 754 642 refert
766 577 806 642 dc
820 556 985 660 Samsa’ne,
998 579 1071 654 Heli
1084 588 1115 642 et
1126 579 1246 664 Jephte¹
1255 601 1328 666 quae
1340 582 1439 657 facile

276 762 278 770 Ι
309 704 347 745 ex
361 680 529 746 traditione
543 683 672 746 haurire
685 681 797 768 potuit.
810 679 975 764 Siquidem
989 695 1052 770 non
1065 682 1107 745 ita
1119 680 1270 746 diuturno
1283 682 1439 780 temporis

308 773 409 870 spatie
426 784 469 848 ab
486 784 553 848 istis
571 783 736 848 eventibus
759 782 969 867 separabatur
992 791 1023 846 et
1046 793 1200 875 praeterea
1220 785 1263 848 ita
1282 789 1439 875 praeclara
1484 856 1487 863 ,

308 896 398 950 erant
410 898 539 951 narrata
552 887 707 970 facinora,
726 895 761 950 ut
778 887 921 973 omnium
935 888 1098 951 memoriae
1111 887 1205 952 facile
1217 888 1304 972 infigi
1320 898 1439 973 potue·
1471 946 1474 955 .
1490 930 1499 939 -
1524 962 1528 965 v

307 991 379 1053 rint.
396 989 510 1071 Quoad
522 991 702 1076 antiquiora
715 987 866 1054 Judicum
883 998 1027 1076 tempora
1045 982 1172 1074 parcior
1185 992 1387 1079 est-parratio
1406 1002 1448 1056 ct
1468 1024 1472 1029 ·

306 1114 415 1156 rursus
427 1094 503 1157 talia
515 1092 612 1156 refert
625 1113 696 1178 quae
709 1083 877 1156 traditione
889 1091 984 1155 facile
997 1091 1154 1156 servanda
1166 1094 1268 1156 erant.
1277 1094 1464 1158 Praetereaa

70 1221 91 1261 a
160 1179 226 1299 fb,
291 1160 513 1294 Euctdiinon
534 1195 707 1260 defuerunt
725 1197 840 1287 scripum
869 1185 1073 1280 documenta,
1096 1203 1131 1259 ut
1160 1197 1319 1260 canticum
1336 1197 1439 1261 ‘Deb-
1485 1184 1497 1286 J

46 1289 287 1468 θῖώῧζίω,
304 1299 416 1383 berre,
450 1298 605 1384 parabola
628 1288 873 1383 Jonathdnid‘et
896 1291 1028 1387 fortasse
1053 1298 1237 1384 conscriptae
1261 1300 1450 1363 eventuum
1489 1320 1492 1325 ·

101 1491 166 1670 p.

306 1393 684 1499 annalchlnverisimile
719 1400 805 1463 enim
835 1422 899 1463 non
935 1410 981 1463 est
1012 1402 1152 1485 singulas
1179 1400 1280 1464 tribus
1303 1423 1438 1491 suorum

304 1502 455 1567 Judicum
471 1504 621 1590 scriptam
636 1518 776 1567 servasse
795 1503 971 1587 historiam,
985 1502 1083 1589 idque
1099 1525 1137 1568 eo
1153 1505 1331 1569 accuratius
1347 1500 1437 1590 quod

305 1607 364 1669 ista
384 1606 514 1670 historia
538 1605 691 1690 prodigiis
716 1600 897 1671 coruscaret
919 1614 950 1671 et
972 1605 1108 1722 pltionis
1138 1627 1177 1670 ac
1208 1599 1438 1692 misericordiae

305 1706 422 1772 divinae
432 1718 620 1793 argumenta
636 1710 721 1771 clara
736 1683 1061 1827 praeberetflderant
1074 1707 1212 1794 donique
1224 1699 1440 1801 monumenta

304 1811 377 1882 alia,
395 1812 503 1895 qualia
519 1820 592 1874 sunt
608 1811 738 1875 nomina
753 1811 841 1893 locis,
857 1809 912 1874 ubr
933 1832 984 1874 res
1001 1821 1095 1895 gestae
1113 1804 1251 1893 fuerant,
1270 1811 1435 1896 imposita,

305 1924 340 1977 ut
359 1912 440 1976 loeas
458 1913 597 1997 flentirtm
616 1913 677 1997 (1),
695 1913 801 1997 palma
820 1912 963 1977 Debborae
983 1915 1042 1999 (2),
1066 1935 1183 1978 nomen
1204 1897 1348 1977 tollant
1367 1913 1436 1987 Ger
1464 1994 1467 1997 Δ

304 2014 401 2079 deoni
413 2016 598 2101 impositum
611 2015 671 2101 (5),
686 2015 859 2100 appellatio
874 2016 1081 2093 ltamatblcaln'
1092 2014 1208 2080 tributa
1224 2018 1308 2098 loco,
1323 2011 1356 2078 in
1369 2038 1435 2101 quo

304 2118 438 2182 Samson
456 2118 534 2181 asini
551 2118 682 2180 maxilla
699 2118 897 2181 Philisthaeos
913 2116 1029 2181 devicit
1042 2112 1105 2208 (tm
1117 2118 1195 2199 Quae
1207 2128 1303 2203 porro
1319 2129 1436 2183 auctor

304 2221 377 2285 libri
390 2231 499 2285 narrat
511 2219 551 2284 de
567 2220 777 2284 Hebraeorum
794 2218 985 2301 idololatria,
1001 2219 1041 2285 de
1055 2216 1205 2295 Judicum
1220 2222 1435 2307 pusillanimi-

303 2334 367 2388 tate
384 2333 415 2387 et
433 2322 667 2404 incredulitate,
686 2323 727 2386 de
744 2323 838 2407 gestis
862 2323 1022 2388 Samsonis
1044 2298 1189 2490 111111οῆ(
1206 2345 1279 2388 eum
1300 2325 1435 2394 auribus

94 2441 96 2444 ⁴
205 2474 207 2478 Α
302 2427 414 2510 populi
429 2448 488 2517 per
502 2421 708 2489 mendacium
721 2426 859 2488 noluisse
875 2424 1026 2508 blandiri.
1042 2423 1170 2526 Etffeve
1189 2449 1207 2490 a
1224 2428 1266 2490 ita
1281 2428 1434 2492 Israelitis

259 3564 267 3586 Ι

303 2537 466 2612 comperta
478 2537 547 2591 erat
559 2527 631 2591 libri
644 2525 795 2592 Judicum
808 2526 886 2592 fides
898 2528 1059 2613 historica,
1074 2537 1109 2591 ut
1121 2530 1233 2614 sae'pius
1246 2529 1331 2608 facta
1345 2529 1381 2592 in
1394 2550 1433 2597 eo

301 2638 431 2692 narrata
453 2629 487 2691 in
506 2629 575 2692 aliis
595 2649 707 2692 eorum
731 2627 820 2692 libris
840 2606 1106 2737 allegentuQSic
1123 2634 1142 2713 1
1160 2633 1231 2716 Rep.
1250 2631 1323 2708 ΧΠ,
1345 2633 1434 2696 9-12

302 2732 464 2816 legimus:
490 2728 553 2810 Qui
575 2730 751 2816 (israelita)
768 2731 854 2795 ottm
868 2745 939 2796 snat
958 2735 1086 2796 Domini
1107 2736 1232 2797 Deisai
1252 2747 1280 2797 et
1305 2737 1434 2800 tradidit

301 2857 349 2899 ees
363 2838 397 2898 ia
409 2856 503 2897 mana
518 2836 632 2908 Sisara
644 2837 785 2919 rrapistm'
796 2834 913 2899 mtttma
929 2837 1042 2910 Hasor,
1057 2848 1084 2899 et
1097 2839 1130 2899 in
1148 2859 1242 2900 osana
1257 2838 1432 2903 1111118111-

302 2961 423 3014 moratu,
448 2951 475 3001 et
499 2941 532 3001 tit
555 2960 650 3001 maan
672 2941 751 3023 repis
771 2938 869 3011 Moab,
894 2951 922 3002 et
943 2952 1156 3024 papnaoertmt
1178 2940 1336 3005 adeersum
1365 2964 1430 3007 eos.

301 3043 414 3107 Postea
427 3054 525 3105 autem
543 3041 747 3104 clamaverunt
762 3042 801 3104 ad
813 3043 990 3115 Dominum,
1009 3054 1038 3104 et
1053 3043 1194 3105 dixerunt
1207 3066 1217 3104 .·
1230 3047 1432 3127 peccavimus,

302 3147 375 3230 quia
400 3143 614 3228 dereliquimus
636 3145 813 3216 Dominum,
832 3154 860 3205 et
879 3144 1054 3207 servivimus
1071 3142 1192 3205 Baalim
1207 3154 1235 3205 et
1256 3144 1433 3209 Astaroth:

302 3270 382 3310 autre
399 3270 468 3332 erpo
486 3269 555 3310 erue
574 3268 629 3311 aas
644 3248 680 3308 de
697 3268 792 3308 aranu
811 3248 1001 3309 inimicorum
1019 3256 1201 3319 nostrorum,
1224 3258 1251 3309 et
1266 3250 1434 3314 serviemus

303 3348 367 3411 tibi.
386 3350 426 3410 Et
442 3351 524 3412 misit
535 3350 686 3412 Derairms
698 3346 852 3420 tantast,
866 3359 893 3409 et
907 3347 1026 3419 Badara,
1044 3346 1203 3431 artoptae,
1221 3358 1247 3410 et
1261 3348 1391 3412 Samuel
1406 3361 1434 3413 et

241 3472 270 3517 ,ν’
303 3452 446 3633 reniteas
459 3452 494 3513 de
514 3473 608 3513 mans
624 3452 816 3512 inimieorum
830 3461 995 3513 aestrorum
1011 3449 1071 3534 (5)

129 3482 260 3607 aar

347 3555 366 3616 8
398 3552 501 3637 Hujus
516 3552 629 3630 autem
645 3553 717 3617 libri
742 3550 939 3616 divinitatem
962 3573 1089 3636 semper
1108 3558 1310 3638 agnoverunt
1326 3555 1433 3620 Judaei

303 3675 442 3739 cumque
458 3652 576 3719 idcireo
593 3656 626 3719 in
642 3675 799 3718 canonem
815 3675 908 3718 suum
924 3664 1144 3719 numerarunt.
1164 3656 1306 3720 Ecclesia
1320 3667 1432 3723 autern

304 3759 407 3822 statim
421 3757 463 3821 ab
479 3758 568 3832 initio
586 3756 704 3831 librum
717 3756 866 3822 iudicum
884 3759 966 3821 inter
981 3760 1244 3841 protocanonicos
1255 3754 1449 3885 recensuit]

336 3993 371 4058 (1)
384 3996 486 4058 111111,
500 3995 524 4047 5.

338 4074 373 4139 (1)
383 4076 443 4128 lad.
457 4078 497 4140 lv,
513 4079 537 4129 5.

337 4156 372 4221 (5)
382 4157 442 4210 tort.
453 4160 494 4223 Vl,
507 4162 549 4212 52.
589 4215 591 4221 ,

338 4239 373 4303 (1)
385 4239 444 4291 lud.
461 4242 512 4303 XV,
527 4243 566 4295 ts.

337 4321 373 4387 (11)
383 4323 433 4374 Ctr.
444 4326 520 4376 etiam
533 4326 593 4377 lud.
608 4326 637 4377 111
649 4339 707 4377 eum
723 4328 736 4378 1
744 4325 804 4392 itaq.
817 4325 901 4390 1111111,
919 4327 944 4386 1;
961 4324 988 4377 11
1000 4323 1060 4391 liep.
1075 4322 1116 4388 111,
1129 4321 1158 4376 11
1177 4323 1228 4375 etl
1244 4325 1337 4376 Perat.
1355 4328 1389 4391 x,
1406 4327 1431 4387 b

303 4404 363 4455 lua.
377 4404 438 4471 11111,
453 4406 492 4457 tt.
508 4421 566 4458 curn
577 4410 622 4461 Os.
639 4410 668 4471 11,
683 4408 723 4470 tm
733 4408 792 4460 lad.
805 4408 858 4459 xx,
872 4420 931 4460 cunr
944 4407 987 4459 Os.
1004 4405 1083 4470 111,9.
