<?xml version="1.0" encoding="UTF-8"?>
<!DOCTYPE html PUBLIC "-//W3C//DTD XHTML 1.0 Transitional//EN"
    "http://www.w3.org/TR/xhtml1/DTD/xhtml1-transitional.dtd">
<html xmlns="http://www.w3.org/1999/xhtml" xml:lang="en" lang="en">
 <head>
  <title>
</title>
<meta http-equiv="Content-Type" content="text/html;charset=utf-8" />
  <meta name='ocr-system' content='tesseract 3.04.00' />
  <meta name='ocr-capabilities' content='ocr_page ocr_carea ocr_par ocr_line ocrx_word'/>
</head>
<body>
  <div class='ocr_page' id='page_1' title='image "./introductioinsa00lamygoog/introductioinsa00lamygoog_0287.png"; bbox 0 0 3168 4948; ppageno 0'>
   <div class='ocr_carea' id='block_1_1' title="bbox 294 310 1209 382">
    <p class='ocr_par' dir='ltr' id='par_1_1' title="bbox 294 310 1209 382">
     <span class='ocr_line' id='line_1_1' title="bbox 294 310 1209 382; baseline -0.003 -10"><span class='ocrx_word' id='word_1_1' title='bbox 294 310 356 372; x_wconf 73' lang='lat'><strong>280</strong></span> <span class='ocrx_word' id='word_1_2' title='bbox 507 328 707 370; x_wconf 81' lang='lat' dir='ltr'><strong>rrrnonuerro</strong></span> <span class='ocrx_word' id='word_1_3' title='bbox 723 328 870 370; x_wconf 75' lang='lat' dir='ltr'><strong>sonemus</strong></span> <span class='ocrx_word' id='word_1_4' title='bbox 886 329 919 369; x_wconf 84' lang='lat' dir='ltr'><strong>m</strong></span> <span class='ocrx_word' id='word_1_5' title='bbox 934 328 960 370; x_wconf 89' lang='lat' dir='ltr'><strong>s.</strong></span> <span class='ocrx_word' id='word_1_6' title='bbox 978 328 1178 370; x_wconf 78' lang='lat' dir='ltr'><strong>scmnrunan.</strong></span> <span class='ocrx_word' id='word_1_7' title='bbox 1193 367 1209 382; x_wconf 58' lang='lat'><strong>„</strong></span> 
     </span>
    </p>
   </div>
   <div class='ocr_carea' id='block_1_2' title="bbox 214 424 1429 822">
    <p class='ocr_par' dir='ltr' id='par_1_2' title="bbox 214 424 1429 822">
     <span class='ocr_line' id='line_1_2' title="bbox 333 424 1429 511; baseline -0.003 -20"><span class='ocrx_word' id='word_1_8' title='bbox 333 430 364 492; x_wconf 82' lang='lat'><strong>5.</strong></span> <span class='ocrx_word' id='word_1_9' title='bbox 385 431 491 492; x_wconf 87' lang='lat' dir='ltr'><strong>Primo</strong></span> <span class='ocrx_word' id='word_1_10' title='bbox 509 437 595 493; x_wconf 92' lang='lat' dir='ltr'><strong>certo</strong></span> <span class='ocrx_word' id='word_1_11' title='bbox 614 429 729 491; x_wconf 90' lang='lat' dir='ltr'><strong>certius</strong></span> <span class='ocrx_word' id='word_1_12' title='bbox 748 424 908 490; x_wconf 92' lang='lat' dir='ltr'><strong>affirmare</strong></span> <span class='ocrx_word' id='word_1_13' title='bbox 932 427 1006 490; x_wconf 88' lang='lat' dir='ltr'><strong>licet</strong></span> <span class='ocrx_word' id='word_1_14' title='bbox 1031 427 1217 511; x_wconf 91' lang='lat' dir='ltr'><strong>Evangelia,</strong></span> <span class='ocrx_word' id='word_1_15' title='bbox 1240 426 1429 491; x_wconf 88' lang='lat' dir='ltr'><strong>viventibus</strong></span> 
     </span>
     <span class='ocr_line' id='line_1_3' title="bbox 288 529 1425 617; baseline -0.001 -22"><span class='ocrx_word' id='word_1_16' title='bbox 288 531 395 596; x_wconf 88' lang='lat' dir='ltr'><strong>adhuc</strong></span> <span class='ocrx_word' id='word_1_17' title='bbox 421 531 591 617; x_wconf 89' lang='lat' dir='ltr'><strong>Apostolis,</strong></span> <span class='ocrx_word' id='word_1_18' title='bbox 612 553 676 594; x_wconf 93' lang='lat' dir='ltr'><strong>non</strong></span> <span class='ocrx_word' id='word_1_19' title='bbox 699 531 795 595; x_wconf 89' lang='lat' dir='ltr'><strong>fuisse</strong></span> <span class='ocrx_word' id='word_1_20' title='bbox 820 539 969 614; x_wconf 88' lang='lat' dir='ltr'><strong>corrupta</strong></span> <span class='ocrx_word' id='word_1_21' title='bbox 993 529 1049 594; x_wconf 89' lang='lat' dir='ltr'><strong>scd</strong></span> <span class='ocrx_word' id='word_1_22' title='bbox 1075 531 1197 615; x_wconf 86' lang='lat' dir='ltr'><strong>integra</strong></span> <span class='ocrx_word' id='word_1_23' title='bbox 1214 532 1425 595; x_wconf 79' lang='lat' dir='ltr'><strong>remansisse.</strong></span> 
     </span>
     <span class='ocr_line' id='line_1_4' title="bbox 214 634 1424 720; baseline 0.002 -23"><span class='ocrx_word' id='word_1_24' title='bbox 214 650 218 655; x_wconf 84' lang='lat'>&#39;</span> <span class='ocrx_word' id='word_1_25' title='bbox 289 635 369 698; x_wconf 86' lang='lat' dir='ltr'><strong>Nam</strong></span> <span class='ocrx_word' id='word_1_26' title='bbox 395 635 537 720; x_wconf 84' lang='lat' dir='ltr'><strong>Apostoli</strong></span> <span class='ocrx_word' id='word_1_27' title='bbox 564 657 767 720; x_wconf 80' lang='lat' dir='ltr'>nequaquam</span> <span class='ocrx_word' id='word_1_28' title='bbox 787 635 871 719; x_wconf 90' lang='lat' dir='ltr'><strong>passi</strong></span> <span class='ocrx_word' id='word_1_29' title='bbox 892 634 1025 698; x_wconf 82' lang='lat' dir='ltr'><strong>fuissent</strong></span> <span class='ocrx_word' id='word_1_30' title='bbox 1041 643 1087 716; x_wconf 88' lang='lat' dir='ltr'><strong>ut,</strong></span> <span class='ocrx_word' id='word_1_31' title='bbox 1105 635 1180 719; x_wconf 89' lang='lat' dir='ltr'><strong>ipsis</strong></span> <span class='ocrx_word' id='word_1_32' title='bbox 1198 635 1424 719; x_wconf 74' lang='lat' dir='ltr'><strong>praesentibuS,</strong></span> 
     </span>
     <span class='ocr_line' id='line_1_5' title="bbox 291 735 1427 822; baseline 0 -22"><span class='ocrx_word' id='word_1_33' title='bbox 291 759 401 801; x_wconf 89' lang='lat' dir='ltr'><strong>eorum</strong></span> <span class='ocrx_word' id='word_1_34' title='bbox 418 739 534 822; x_wconf 90' lang='lat' dir='ltr'><strong>scripta</strong></span> <span class='ocrx_word' id='word_1_35' title='bbox 550 760 568 801; x_wconf 94' lang='lat' dir='ltr'><strong>a</strong></span> <span class='ocrx_word' id='word_1_36' title='bbox 588 739 740 822; x_wconf 91' lang='lat' dir='ltr'><strong>quopiam</strong></span> <span class='ocrx_word' id='word_1_37' title='bbox 753 736 1022 802; x_wconf 90' lang='lat' dir='ltr'><strong>adulterarentur.</strong></span> <span class='ocrx_word' id='word_1_38' title='bbox 1042 737 1107 802; x_wconf 90' lang='lat' dir='ltr'><strong>Nec</strong></span> <span class='ocrx_word' id='word_1_39' title='bbox 1120 735 1230 801; x_wconf 90' lang='lat' dir='ltr'><strong>fideles</strong></span> <span class='ocrx_word' id='word_1_40' title='bbox 1246 739 1313 801; x_wconf 90' lang='lat' dir='ltr'><strong>ausi</strong></span> <span class='ocrx_word' id='word_1_41' title='bbox 1339 738 1427 801; x_wconf 89' lang='lat' dir='ltr'><strong>fuis-</strong></span> 
     </span>
    </p>
   </div>
   <div class='ocr_carea' id='block_1_3' title="bbox 291 839 1548 925">
    <p class='ocr_par' dir='ltr' id='par_1_3' title="bbox 291 839 1548 925">
     <span class='ocr_line' id='line_1_6' title="bbox 291 839 1548 925; baseline 0.002 -23"><span class='ocrx_word' id='word_1_42' title='bbox 291 851 359 903; x_wconf 84' lang='lat' dir='ltr'><strong>sent</strong></span> <span class='ocrx_word' id='word_1_43' title='bbox 372 841 482 923; x_wconf 88' lang='lat' dir='ltr'><strong>libros,</strong></span> <span class='ocrx_word' id='word_1_44' title='bbox 497 862 577 925; x_wconf 89' lang='lat' dir='ltr'><strong>quos</strong></span> <span class='ocrx_word' id='word_1_45' title='bbox 587 849 623 904; x_wconf 88' lang='lat' dir='ltr'><strong>ut</strong></span> <span class='ocrx_word' id='word_1_46' title='bbox 636 839 759 904; x_wconf 88' lang='lat' dir='ltr'><strong>divinos</strong></span> <span class='ocrx_word' id='word_1_47' title='bbox 772 839 1009 903; x_wconf 80' lang='lat' dir='ltr'>venerabantur</span> <span class='ocrx_word' id='word_1_48' title='bbox 1022 849 1053 903; x_wconf 83' lang='lat' dir='ltr'><strong>et</strong></span> <span class='ocrx_word' id='word_1_49' title='bbox 1068 861 1206 925; x_wconf 90' lang='lat' dir='ltr'><strong>quorum</strong></span> <span class='ocrx_word' id='word_1_50' title='bbox 1219 841 1427 925; x_wconf 89' lang='lat' dir='ltr'><strong>autographa</strong></span> <span class='ocrx_word' id='word_1_51' title='bbox 1545 914 1548 923; x_wconf 38' lang='grc'>,</span> 
     </span>
    </p>
   </div>
   <div class='ocr_carea' id='block_1_4' title="bbox 289 941 1427 1540">
    <p class='ocr_par' dir='ltr' id='par_1_4' title="bbox 289 941 1427 1540">
     <span class='ocr_line' id='line_1_7' title="bbox 291 941 1426 1028; baseline 0.001 -23"><span class='ocrx_word' id='word_1_52' title='bbox 291 942 378 1027; x_wconf 89' lang='lat' dir='ltr'><strong>apud</strong></span> <span class='ocrx_word' id='word_1_53' title='bbox 402 965 434 1006; x_wconf 90' lang='lat' dir='ltr'><strong>se</strong></span> <span class='ocrx_word' id='word_1_54' title='bbox 458 942 632 1023; x_wconf 87' lang='lat' dir='ltr'><strong>habebant,</strong></span> <span class='ocrx_word' id='word_1_55' title='bbox 660 953 878 1026; x_wconf 70' lang='lat' dir='ltr'><strong>corrumpere</strong></span> <span class='ocrx_word' id='word_1_56' title='bbox 912 942 981 1004; x_wconf 92' lang='lat' dir='ltr'><strong>lmo</strong></span> <span class='ocrx_word' id='word_1_57' title='bbox 1005 941 1148 1026; x_wconf 77' lang='lat' dir='ltr'><strong>Apostoli</strong></span> <span class='ocrx_word' id='word_1_58' title='bbox 1173 963 1285 1028; x_wconf 87' lang='lat' dir='ltr'><strong>graves</strong></span> <span class='ocrx_word' id='word_1_59' title='bbox 1308 963 1426 1027; x_wconf 87' lang='lat' dir='ltr'><strong>poenas</strong></span> 
     </span>
     <span class='ocr_line' id='line_1_8' title="bbox 293 1044 1427 1129; baseline 0.002 -23"><span class='ocrx_word' id='word_1_60' title='bbox 293 1047 324 1107; x_wconf 92' lang='lat' dir='ltr'><strong>in</strong></span> <span class='ocrx_word' id='word_1_61' title='bbox 347 1066 400 1109; x_wconf 94' lang='lat' dir='ltr'><strong>cos</strong></span> <span class='ocrx_word' id='word_1_62' title='bbox 419 1044 698 1108; x_wconf 85' lang='lat' dir='ltr'><strong>comminabantur</strong></span> <span class='ocrx_word' id='word_1_63' title='bbox 713 1046 766 1129; x_wconf 92' lang='lat' dir='ltr'><strong>qui</strong></span> <span class='ocrx_word' id='word_1_64' title='bbox 788 1044 909 1129; x_wconf 87' lang='lat' dir='ltr'><strong>aliquid</strong></span> <span class='ocrx_word' id='word_1_65' title='bbox 929 1046 1099 1109; x_wconf 88' lang='lat' dir='ltr'><strong>immutare</strong></span> <span class='ocrx_word' id='word_1_66' title='bbox 1120 1048 1186 1109; x_wconf 89' lang='lat' dir='ltr'><strong>ausi</strong></span> <span class='ocrx_word' id='word_1_67' title='bbox 1217 1046 1360 1129; x_wconf 82' lang='lat' dir='ltr'><strong>fuissent,</strong></span> <span class='ocrx_word' id='word_1_68' title='bbox 1387 1055 1427 1110; x_wconf 89' lang='lat' dir='ltr'><strong>ut</strong></span> 
     </span>
     <span class='ocr_line' id='line_1_9' title="bbox 292 1145 1425 1233; baseline -0.001 -22"><span class='ocrx_word' id='word_1_69' title='bbox 292 1157 378 1231; x_wconf 88' lang='lat' dir='ltr'><strong>patet</strong></span> <span class='ocrx_word' id='word_1_70' title='bbox 396 1169 434 1210; x_wconf 88' lang='lat' dir='ltr'><strong>ex</strong></span> <span class='ocrx_word' id='word_1_71' title='bbox 451 1148 575 1210; x_wconf 89' lang='lat' dir='ltr'><strong>Joanne</strong></span> <span class='ocrx_word' id='word_1_72' title='bbox 592 1148 738 1232; x_wconf 82' lang='lat' dir='ltr'><strong>quipost</strong></span> <span class='ocrx_word' id='word_1_73' title='bbox 759 1156 880 1211; x_wconf 91' lang='lat' dir='ltr'><strong>ceteros</strong></span> <span class='ocrx_word' id='word_1_74' title='bbox 899 1147 1033 1230; x_wconf 87' lang='lat' dir='ltr'><strong>scripsit.</strong></span> <span class='ocrx_word' id='word_1_75' title='bbox 1057 1145 1224 1220; x_wconf 81' lang='lat' dir='ltr'><strong>Couteetor,</strong></span> <span class='ocrx_word' id='word_1_76' title='bbox 1236 1148 1339 1232; x_wconf 89' lang='lat' dir='ltr'><strong>inquit</strong></span> <span class='ocrx_word' id='word_1_77' title='bbox 1356 1146 1425 1233; x_wconf 87' lang='lat'><strong>(1),</strong></span> 
     </span>
     <span class='ocr_line' id='line_1_10' title="bbox 291 1248 1427 1334; baseline 0 -22"><span class='ocrx_word' id='word_1_78' title='bbox 291 1253 378 1312; x_wconf 83' lang='lat' dir='ltr'><strong>oiuui</strong></span> <span class='ocrx_word' id='word_1_79' title='bbox 399 1250 537 1312; x_wconf 79' lang='lat' dir='ltr'><strong>audienti</strong></span> <span class='ocrx_word' id='word_1_80' title='bbox 557 1249 644 1312; x_wconf 85' lang='lat' dir='ltr'><strong>uerba</strong></span> <span class='ocrx_word' id='word_1_81' title='bbox 665 1249 832 1334; x_wconf 81' lang='lat' dir='ltr'><strong>prophetie</strong></span> <span class='ocrx_word' id='word_1_82' title='bbox 854 1249 925 1311; x_wconf 83' lang='lat' dir='ltr'><strong>tttrt</strong></span> <span class='ocrx_word' id='word_1_83' title='bbox 943 1248 1035 1332; x_wconf 70' lang='lat' dir='ltr'><strong>hujus</strong></span> <span class='ocrx_word' id='word_1_84' title='bbox 1059 1274 1069 1311; x_wconf 94' lang='lat'><strong>.·</strong></span> <span class='ocrx_word' id='word_1_85' title='bbox 1097 1252 1126 1313; x_wconf 82' lang='lat' dir='ltr'><strong>ai</strong></span> <span class='ocrx_word' id='word_1_86' title='bbox 1150 1252 1219 1334; x_wconf 82' lang='lat' dir='ltr'><strong>quis</strong></span> <span class='ocrx_word' id='word_1_87' title='bbox 1245 1252 1427 1333; x_wconf 83' lang='lat' dir='ltr'><strong>apposuerit</strong></span> 
     </span>
     <span class='ocr_line' id='line_1_11' title="bbox 289 1350 1423 1438; baseline 0.002 -24"><span class='ocrx_word' id='word_1_88' title='bbox 289 1355 329 1416; x_wconf 88' lang='lat' dir='ltr'><strong>od</strong></span> <span class='ocrx_word' id='word_1_89' title='bbox 352 1353 424 1435; x_wconf 79' lang='lat' dir='ltr'><strong>lieo,</strong></span> <span class='ocrx_word' id='word_1_90' title='bbox 451 1365 581 1438; x_wconf 84' lang='lat' dir='ltr'><strong>opportet</strong></span> <span class='ocrx_word' id='word_1_91' title='bbox 608 1354 689 1416; x_wconf 80' lang='lat' dir='ltr'><strong>Deus</strong></span> <span class='ocrx_word' id='word_1_92' title='bbox 712 1372 803 1437; x_wconf 80' lang='lat' dir='ltr'><strong>super</strong></span> <span class='ocrx_word' id='word_1_93' title='bbox 821 1352 909 1415; x_wconf 86' lang='lat' dir='ltr'><strong>illum</strong></span> <span class='ocrx_word' id='word_1_94' title='bbox 930 1350 1038 1436; x_wconf 74' lang='lat' dir='ltr'><strong>pieque</strong></span> <span class='ocrx_word' id='word_1_95' title='bbox 1059 1355 1189 1436; x_wconf 79' lang='lat' dir='ltr'><strong>scriptus</strong></span> <span class='ocrx_word' id='word_1_96' title='bbox 1209 1355 1242 1414; x_wconf 85' lang='lat' dir='ltr'><strong>iu</strong></span> <span class='ocrx_word' id='word_1_97' title='bbox 1260 1352 1335 1417; x_wconf 85' lang='lat' dir='ltr'><strong>libre</strong></span> <span class='ocrx_word' id='word_1_98' title='bbox 1351 1352 1423 1416; x_wconf 84' lang='lat' dir='ltr'><strong>ltoe.</strong></span> 
     </span>
     <span class='ocr_line' id='line_1_12' title="bbox 291 1452 1427 1540; baseline 0 -23"><span class='ocrx_word' id='word_1_99' title='bbox 291 1457 332 1517; x_wconf 81' lang='lat' dir='ltr'><strong>m</strong></span> <span class='ocrx_word' id='word_1_100' title='bbox 355 1458 384 1518; x_wconf 84' lang='lat' dir='ltr'><strong>ei</strong></span> <span class='ocrx_word' id='word_1_101' title='bbox 410 1458 477 1540; x_wconf 79' lang='lat' dir='ltr'><strong>quie</strong></span> <span class='ocrx_word' id='word_1_102' title='bbox 501 1455 677 1518; x_wconf 75' lang='lat' dir='ltr'><strong>diminuerit</strong></span> <span class='ocrx_word' id='word_1_103' title='bbox 699 1455 735 1517; x_wconf 91' lang='lat' dir='ltr'><strong>de</strong></span> <span class='ocrx_word' id='word_1_104' title='bbox 763 1454 859 1517; x_wconf 85' lang='lat' dir='ltr'><strong>verbis</strong></span> <span class='ocrx_word' id='word_1_105' title='bbox 879 1452 1046 1537; x_wconf 73' lang='lat' dir='ltr'><strong>prophetice</strong></span> <span class='ocrx_word' id='word_1_106' title='bbox 1070 1453 1174 1537; x_wconf 81' lang='lat' dir='ltr'><strong>liujus,</strong></span> <span class='ocrx_word' id='word_1_107' title='bbox 1199 1454 1314 1538; x_wconf 80' lang='lat' dir='ltr'><strong>auferet</strong></span> <span class='ocrx_word' id='word_1_108' title='bbox 1337 1455 1427 1517; x_wconf 80' lang='lat' dir='ltr'><strong>Deus</strong></span> 
     </span>
    </p>
   </div>
   <div class='ocr_carea' id='block_1_5' title="bbox 187 1554 1426 1641">
    <p class='ocr_par' dir='ltr' id='par_1_5' title="bbox 187 1554 1426 1641">
     <span class='ocr_line' id='line_1_13' title="bbox 187 1554 1426 1641; baseline 0.005 -24"><span class='ocrx_word' id='word_1_109' title='bbox 187 1608 190 1617; x_wconf 88' lang='lat'><strong>.</strong></span> <span class='ocrx_word' id='word_1_110' title='bbox 290 1569 409 1640; x_wconf 86' lang='lat' dir='ltr'><strong>purtem</strong></span> <span class='ocrx_word' id='word_1_111' title='bbox 440 1559 506 1641; x_wconf 83' lang='lat' dir='ltr'><strong>ejus</strong></span> <span class='ocrx_word' id='word_1_112' title='bbox 537 1558 573 1620; x_wconf 87' lang='lat' dir='ltr'><strong>de</strong></span> <span class='ocrx_word' id='word_1_113' title='bbox 601 1556 676 1621; x_wconf 84' lang='lat' dir='ltr'><strong>libro</strong></span> <span class='ocrx_word' id='word_1_114' title='bbox 705 1560 773 1620; x_wconf 80' lang='lat' dir='ltr'><strong>vite</strong></span> <span class='ocrx_word' id='word_1_115' title='bbox 795 1568 822 1619; x_wconf 93' lang='lat' dir='ltr'><strong>et</strong></span> <span class='ocrx_word' id='word_1_116' title='bbox 844 1557 880 1619; x_wconf 89' lang='lat' dir='ltr'><strong>de</strong></span> <span class='ocrx_word' id='word_1_117' title='bbox 903 1556 1020 1619; x_wconf 75' lang='lat' dir='ltr'><strong>ciuitate</strong></span> <span class='ocrx_word' id='word_1_118' title='bbox 1043 1568 1147 1621; x_wconf 82' lang='lat' dir='ltr'><strong>sauata</strong></span> <span class='ocrx_word' id='word_1_119' title='bbox 1170 1568 1197 1619; x_wconf 90' lang='lat' dir='ltr'><strong>et</strong></span> <span class='ocrx_word' id='word_1_120' title='bbox 1220 1557 1255 1619; x_wconf 88' lang='lat' dir='ltr'><strong>de</strong></span> <span class='ocrx_word' id='word_1_121' title='bbox 1281 1554 1329 1620; x_wconf 76' lang='lat' dir='ltr'><strong>tis</strong></span> <span class='ocrx_word' id='word_1_122' title='bbox 1353 1577 1426 1640; x_wconf 73' lang='lat' dir='ltr'><strong>quw</strong></span> 
     </span>
    </p>
   </div>
   <div class='ocr_carea' id='block_1_6' title="bbox 290 1658 1423 2769">
    <p class='ocr_par' dir='ltr' id='par_1_6' title="bbox 293 1658 715 1741">
     <span class='ocr_line' id='line_1_14' title="bbox 293 1658 715 1741; baseline 0 -20"><span class='ocrx_word' id='word_1_123' title='bbox 293 1661 404 1741; x_wconf 80' lang='lat' dir='ltr'><strong>scripte</strong></span> <span class='ocrx_word' id='word_1_124' title='bbox 421 1670 492 1722; x_wconf 84' lang='lat' dir='ltr'><strong>sunt</strong></span> <span class='ocrx_word' id='word_1_125' title='bbox 505 1661 537 1721; x_wconf 86' lang='lat' dir='ltr'><strong>iu</strong></span> <span class='ocrx_word' id='word_1_126' title='bbox 555 1658 631 1721; x_wconf 83' lang='lat' dir='ltr'><strong>libro</strong></span> <span class='ocrx_word' id='word_1_127' title='bbox 647 1661 715 1721; x_wconf 80' lang='lat' dir='ltr'><strong>itte.</strong></span> 
     </span>
    </p>

    <p class='ocr_par' dir='ltr' id='par_1_7' title="bbox 290 1759 1423 2769">
     <span class='ocr_line' id='line_1_15' title="bbox 338 1759 1422 1848; baseline 0 -25"><span class='ocrx_word' id='word_1_128' title='bbox 338 1762 368 1823; x_wconf 78' lang='lat'><strong>4.</strong></span> <span class='ocrx_word' id='word_1_129' title='bbox 392 1759 538 1824; x_wconf 89' lang='lat' dir='ltr'><strong>Secundo</strong></span> <span class='ocrx_word' id='word_1_130' title='bbox 554 1762 723 1825; x_wconf 85' lang='lat' dir='ltr'><strong>asserimus</strong></span> <span class='ocrx_word' id='word_1_131' title='bbox 739 1763 910 1848; x_wconf 89' lang='lat' dir='ltr'><strong>Evangelia</strong></span> <span class='ocrx_word' id='word_1_132' title='bbox 926 1764 1048 1826; x_wconf 89' lang='lat' dir='ltr'><strong>nullam</strong></span> <span class='ocrx_word' id='word_1_133' title='bbox 1068 1763 1304 1845; x_wconf 84' lang='lat' dir='ltr'><strong>corruptionem</strong></span> <span class='ocrx_word' id='word_1_134' title='bbox 1325 1782 1422 1845; x_wconf 90' lang='lat' dir='ltr'><strong>passa</strong></span> 
     </span>
     <span class='ocr_line' id='line_1_16' title="bbox 295 1863 1420 1948; baseline 0 -23"><span class='ocrx_word' id='word_1_135' title='bbox 295 1885 361 1927; x_wconf 88' lang='lat' dir='ltr'><strong>csse</strong></span> <span class='ocrx_word' id='word_1_136' title='bbox 386 1872 456 1947; x_wconf 92' lang='lat' dir='ltr'><strong>post</strong></span> <span class='ocrx_word' id='word_1_137' title='bbox 478 1863 704 1947; x_wconf 79' lang='lat' dir='ltr'><strong>Apostolorum</strong></span> <span class='ocrx_word' id='word_1_138' title='bbox 728 1875 889 1947; x_wconf 90' lang='lat' dir='ltr'><strong>mortem,</strong></span> <span class='ocrx_word' id='word_1_139' title='bbox 925 1865 980 1929; x_wconf 89' lang='lat' dir='ltr'><strong>sed</strong></span> <span class='ocrx_word' id='word_1_140' title='bbox 1012 1867 1134 1948; x_wconf 88' lang='lat' dir='ltr'><strong>integra</strong></span> <span class='ocrx_word' id='word_1_141' title='bbox 1158 1872 1282 1927; x_wconf 90' lang='lat' dir='ltr'><strong>servata</strong></span> <span class='ocrx_word' id='word_1_142' title='bbox 1306 1863 1420 1925; x_wconf 88' lang='lat' dir='ltr'><strong>fuisse.</strong></span> 
     </span>
     <span class='ocr_line' id='line_1_17' title="bbox 294 1967 1423 2053; baseline -0.003 -24"><span class='ocrx_word' id='word_1_143' title='bbox 294 1968 519 2051; x_wconf 88' lang='lat' dir='ltr'><strong>Apostolorum</strong></span> <span class='ocrx_word' id='word_1_144' title='bbox 548 1969 633 2030; x_wconf 92' lang='lat' dir='ltr'><strong>enim</strong></span> <span class='ocrx_word' id='word_1_145' title='bbox 658 1968 786 2051; x_wconf 87' lang='lat' dir='ltr'><strong>scripta,</strong></span> <span class='ocrx_word' id='word_1_146' title='bbox 809 1978 918 2053; x_wconf 84' lang='lat' dir='ltr'><strong>utpote</strong></span> <span class='ocrx_word' id='word_1_147' title='bbox 939 1967 1058 2050; x_wconf 90' lang='lat' dir='ltr'><strong>divina,</strong></span> <span class='ocrx_word' id='word_1_148' title='bbox 1083 1986 1209 2029; x_wconf 86' lang='lat' dir='ltr'><strong>summa</strong></span> <span class='ocrx_word' id='word_1_149' title='bbox 1227 1967 1259 2028; x_wconf 94' lang='lat' dir='ltr'><strong>in</strong></span> <span class='ocrx_word' id='word_1_150' title='bbox 1279 1986 1423 2028; x_wconf 86' lang='lat' dir='ltr'><strong>venera-</strong></span> 
     </span>
     <span class='ocr_line' id='line_1_18' title="bbox 293 2068 1422 2154; baseline -0.002 -22"><span class='ocrx_word' id='word_1_151' title='bbox 293 2071 378 2133; x_wconf 87' lang='lat' dir='ltr'><strong>tione</strong></span> <span class='ocrx_word' id='word_1_152' title='bbox 394 2068 481 2154; x_wconf 89' lang='lat' dir='ltr'><strong>apud</strong></span> <span class='ocrx_word' id='word_1_153' title='bbox 498 2090 609 2133; x_wconf 89' lang='lat' dir='ltr'><strong>omnes</strong></span> <span class='ocrx_word' id='word_1_154' title='bbox 623 2069 836 2133; x_wconf 86' lang='lat' dir='ltr'><strong>habebantur.</strong></span> <span class='ocrx_word' id='word_1_155' title='bbox 850 2069 966 2135; x_wconf 90' lang='lat' dir='ltr'><strong>Adbuc</strong></span> <span class='ocrx_word' id='word_1_156' title='bbox 981 2092 1092 2135; x_wconf 90' lang='lat' dir='ltr'><strong>recens</strong></span> <span class='ocrx_word' id='word_1_157' title='bbox 1108 2079 1176 2133; x_wconf 91' lang='lat' dir='ltr'><strong>erat</strong></span> <span class='ocrx_word' id='word_1_158' title='bbox 1190 2069 1422 2153; x_wconf 90' lang='lat' dir='ltr'><strong>Apostolorum</strong></span> 
     </span>
     <span class='ocr_line' id='line_1_19' title="bbox 292 2172 1423 2258; baseline 0 -23"><span class='ocrx_word' id='word_1_159' title='bbox 292 2175 458 2237; x_wconf 88' lang='lat' dir='ltr'><strong>memoria.</strong></span> <span class='ocrx_word' id='word_1_160' title='bbox 476 2173 547 2242; x_wconf 88' lang='lat' dir='ltr'><strong>Non</strong></span> <span class='ocrx_word' id='word_1_161' title='bbox 568 2173 670 2236; x_wconf 93' lang='lat' dir='ltr'><strong>solum</strong></span> <span class='ocrx_word' id='word_1_162' title='bbox 690 2194 800 2237; x_wconf 87' lang='lat' dir='ltr'><strong>eorum</strong></span> <span class='ocrx_word' id='word_1_163' title='bbox 819 2175 1016 2258; x_wconf 89' lang='lat' dir='ltr'><strong>autographa</strong></span> <span class='ocrx_word' id='word_1_164' title='bbox 1033 2175 1064 2236; x_wconf 94' lang='lat' dir='ltr'><strong>in</strong></span> <span class='ocrx_word' id='word_1_165' title='bbox 1081 2173 1220 2237; x_wconf 90' lang='lat' dir='ltr'><strong>ecclesiis</strong></span> <span class='ocrx_word' id='word_1_166' title='bbox 1237 2172 1423 2256; x_wconf 87' lang='lat' dir='ltr'><strong>apostolicis</strong></span> 
     </span>
     <span class='ocr_line' id='line_1_20' title="bbox 292 2273 1421 2356; baseline -0.001 -19"><span class='ocrx_word' id='word_1_167' title='bbox 292 2273 524 2356; x_wconf 86' lang='lat' dir='ltr'><strong>servabantur,</strong></span> <span class='ocrx_word' id='word_1_168' title='bbox 551 2286 614 2337; x_wconf 87' lang='lat' dir='ltr'><strong>nou</strong></span> <span class='ocrx_word' id='word_1_169' title='bbox 640 2275 742 2337; x_wconf 90' lang='lat' dir='ltr'><strong>solum</strong></span> <span class='ocrx_word' id='word_1_170' title='bbox 765 2275 942 2338; x_wconf 78' lang='lat' dir='ltr'><strong>authentice</strong></span> <span class='ocrx_word' id='word_1_171' title='bbox 965 2296 1067 2338; x_wconf 84' lang='lat' dir='ltr'><strong>eorum</strong></span> <span class='ocrx_word' id='word_1_172' title='bbox 1091 2273 1217 2346; x_wconf 77' lang='lat' dir='ltr'><strong>littere,</strong></span> <span class='ocrx_word' id='word_1_173' title='bbox 1248 2282 1284 2335; x_wconf 89' lang='lat' dir='ltr'><strong>ut</strong></span> <span class='ocrx_word' id='word_1_174' title='bbox 1306 2274 1421 2336; x_wconf 85' lang='lat' dir='ltr'><strong>asserit</strong></span> 
     </span>
     <span class='ocr_line' id='line_1_21' title="bbox 291 2375 1420 2461; baseline 0 -22"><span class='ocrx_word' id='word_1_175' title='bbox 291 2376 573 2461; x_wconf 56' lang='lat' dir='ltr'><strong>Tertullianusffi),</strong></span> <span class='ocrx_word' id='word_1_176' title='bbox 583 2376 729 2461; x_wconf 88' lang='lat' dir='ltr'><strong>adeoque</strong></span> <span class='ocrx_word' id='word_1_177' title='bbox 743 2386 774 2440; x_wconf 91' lang='lat' dir='ltr'><strong>et</strong></span> <span class='ocrx_word' id='word_1_178' title='bbox 785 2376 967 2441; x_wconf 88' lang='lat' dir='ltr'><strong>authentica</strong></span> <span class='ocrx_word' id='word_1_179' title='bbox 981 2397 1093 2440; x_wconf 88' lang='lat' dir='ltr'><strong>corum</strong></span> <span class='ocrx_word' id='word_1_180' title='bbox 1103 2377 1274 2461; x_wconf 89' lang='lat' dir='ltr'><strong>Evangelia</strong></span> <span class='ocrx_word' id='word_1_181' title='bbox 1286 2375 1420 2460; x_wconf 89' lang='lat' dir='ltr'><strong>publice</strong></span> 
     </span>
     <span class='ocr_line' id='line_1_22' title="bbox 290 2476 1422 2565; baseline 0 -24"><span class='ocrx_word' id='word_1_182' title='bbox 290 2481 323 2541; x_wconf 92' lang='lat' dir='ltr'><strong>in</strong></span> <span class='ocrx_word' id='word_1_183' title='bbox 348 2479 487 2544; x_wconf 89' lang='lat' dir='ltr'><strong>ecclesiis</strong></span> <span class='ocrx_word' id='word_1_184' title='bbox 503 2479 731 2562; x_wconf 83' lang='lat' dir='ltr'><strong>recitabantur,</strong></span> <span class='ocrx_word' id='word_1_185' title='bbox 747 2477 804 2542; x_wconf 92' lang='lat' dir='ltr'><strong>sed</strong></span> <span class='ocrx_word' id='word_1_186' title='bbox 819 2476 851 2542; x_wconf 85' lang='lat' dir='ltr'><strong>iir</strong></span> <span class='ocrx_word' id='word_1_187' title='bbox 873 2479 940 2565; x_wconf 88' lang='lat' dir='ltr'><strong>ipso</strong></span> <span class='ocrx_word' id='word_1_188' title='bbox 956 2481 1043 2544; x_wconf 93' lang='lat' dir='ltr'><strong>cultu</strong></span> <span class='ocrx_word' id='word_1_189' title='bbox 1056 2477 1163 2543; x_wconf 91' lang='lat' dir='ltr'><strong>divino</strong></span> <span class='ocrx_word' id='word_1_190' title='bbox 1180 2476 1422 2565; x_wconf 88' lang='lat' dir='ltr'><strong>adhibebantur</strong></span> 
     </span>
     <span class='ocr_line' id='line_1_23' title="bbox 291 2579 1422 2666; baseline 0.002 -23"><span class='ocrx_word' id='word_1_191' title='bbox 291 2591 333 2661; x_wconf 91' lang='lat' dir='ltr'><strong>ct,</strong></span> <span class='ocrx_word' id='word_1_192' title='bbox 351 2580 464 2644; x_wconf 90' lang='lat' dir='ltr'><strong>diebus</strong></span> <span class='ocrx_word' id='word_1_193' title='bbox 482 2580 649 2644; x_wconf 89' lang='lat' dir='ltr'><strong>dominicis</strong></span> <span class='ocrx_word' id='word_1_194' title='bbox 668 2579 805 2645; x_wconf 84' lang='lat' dir='ltr'><strong>durante</strong></span> <span class='ocrx_word' id='word_1_195' title='bbox 832 2582 972 2666; x_wconf 79' lang='lat' dir='ltr'><strong>liturgia,</strong></span> <span class='ocrx_word' id='word_1_196' title='bbox 994 2582 1088 2645; x_wconf 91' lang='lat' dir='ltr'><strong>simul</strong></span> <span class='ocrx_word' id='word_1_197' title='bbox 1108 2602 1180 2644; x_wconf 92' lang='lat' dir='ltr'><strong>cum</strong></span> <span class='ocrx_word' id='word_1_198' title='bbox 1200 2581 1322 2665; x_wconf 90' lang='lat' dir='ltr'><strong>scriptis</strong></span> <span class='ocrx_word' id='word_1_199' title='bbox 1337 2602 1422 2665; x_wconf 90' lang='lat' dir='ltr'><strong>pro-</strong></span> 
     </span>
     <span class='ocr_line' id='line_1_24' title="bbox 292 2676 1423 2769; baseline -0.001 -21"><span class='ocrx_word' id='word_1_200' title='bbox 292 2685 425 2768; x_wconf 88' lang='lat' dir='ltr'><strong>pheticis</strong></span> <span class='ocrx_word' id='word_1_201' title='bbox 441 2681 641 2768; x_wconf 83' lang='lat' dir='ltr'><strong>legebantur3</strong></span> <span class='ocrx_word' id='word_1_202' title='bbox 659 2682 746 2769; x_wconf 90' lang='lat' dir='ltr'><strong>quod</strong></span> <span class='ocrx_word' id='word_1_203' title='bbox 764 2705 873 2748; x_wconf 87' lang='lat' dir='ltr'><strong>coram</strong></span> <span class='ocrx_word' id='word_1_204' title='bbox 886 2685 1021 2769; x_wconf 82' lang='lat' dir='ltr'><strong>paganis</strong></span> <span class='ocrx_word' id='word_1_205' title='bbox 1031 2676 1138 2749; x_wconf 87' lang='lat' dir='ltr'><strong>medio</strong></span> <span class='ocrx_word' id='word_1_206' title='bbox 1155 2686 1269 2748; x_wconf 79' lang='lat' dir='ltr'><strong>secuto</strong></span> <span class='ocrx_word' id='word_1_207' title='bbox 1282 2685 1311 2747; x_wconf 91' lang='lat' dir='ltr'><strong>ll</strong></span> <span class='ocrx_word' id='word_1_208' title='bbox 1328 2706 1423 2748; x_wconf 89' lang='lat' dir='ltr'><strong>asse-</strong></span> 
     </span>
    </p>
   </div>
   <div class='ocr_carea' id='block_1_7' title="bbox 293 2786 1559 2871">
    <p class='ocr_par' dir='ltr' id='par_1_8' title="bbox 293 2786 1559 2871">
     <span class='ocr_line' id='line_1_25' title="bbox 293 2786 1559 2871; baseline 0.001 -20"><span class='ocrx_word' id='word_1_209' title='bbox 293 2786 385 2851; x_wconf 90' lang='lat' dir='ltr'><strong>rebat</strong></span> <span class='ocrx_word' id='word_1_210' title='bbox 411 2787 443 2850; x_wconf 87' lang='lat' dir='ltr'><strong>S.</strong></span> <span class='ocrx_word' id='word_1_211' title='bbox 462 2786 603 2849; x_wconf 79' lang='lat' dir='ltr'><strong>lustinus</strong></span> <span class='ocrx_word' id='word_1_212' title='bbox 621 2787 680 2871; x_wconf 67' lang='grc' dir='ltr'><strong>(δ’.</strong></span> <span class='ocrx_word' id='word_1_213' title='bbox 706 2786 783 2867; x_wconf 83' lang='lat' dir='ltr'><strong>Quis</strong></span> <span class='ocrx_word' id='word_1_214' title='bbox 800 2796 908 2850; x_wconf 89' lang='lat' dir='ltr'><strong>autem</strong></span> <span class='ocrx_word' id='word_1_215' title='bbox 928 2809 1024 2850; x_wconf 90' lang='lat' dir='ltr'><strong>ausus</strong></span> <span class='ocrx_word' id='word_1_216' title='bbox 1051 2787 1160 2851; x_wconf 88' lang='lat' dir='ltr'><strong>fuisset</strong></span> <span class='ocrx_word' id='word_1_217' title='bbox 1186 2796 1241 2850; x_wconf 89' lang='lat' dir='ltr'><strong>aut</strong></span> <span class='ocrx_word' id='word_1_218' title='bbox 1267 2787 1423 2871; x_wconf 88' lang='lat' dir='ltr'><strong>potuisset</strong></span> <span class='ocrx_word' id='word_1_219' title='bbox 1489 2861 1494 2868; x_wconf 31' lang='lat'>¹</span> <span class='ocrx_word' id='word_1_220' title='bbox 1558 2804 1559 2813; x_wconf 58' lang='lat'>¹</span> 
     </span>
    </p>
   </div>
   <div class='ocr_carea' id='block_1_8' title="bbox 269 2887 1423 3592">
    <p class='ocr_par' dir='ltr' id='par_1_9' title="bbox 269 2887 1423 3592">
     <span class='ocr_line' id='line_1_26' title="bbox 293 2887 1422 2975; baseline -0.003 -20"><span class='ocrx_word' id='word_1_221' title='bbox 293 2890 409 2975; x_wconf 88' lang='lat' dir='ltr'><strong>scripta</strong></span> <span class='ocrx_word' id='word_1_222' title='bbox 422 2909 628 2973; x_wconf 88' lang='lat' dir='ltr'><strong>eorrumpere</strong></span> <span class='ocrx_word' id='word_1_223' title='bbox 644 2910 783 2975; x_wconf 87' lang='lat' dir='ltr'><strong>quorum</strong></span> <span class='ocrx_word' id='word_1_224' title='bbox 798 2889 996 2973; x_wconf 89' lang='lat' dir='ltr'><strong>autographa</strong></span> <span class='ocrx_word' id='word_1_225' title='bbox 1013 2887 1119 2953; x_wconf 91' lang='lat' dir='ltr'><strong>adbuc</strong></span> <span class='ocrx_word' id='word_1_226' title='bbox 1136 2888 1313 2972; x_wconf 85' lang='lat' dir='ltr'><strong>exstabant,</strong></span> <span class='ocrx_word' id='word_1_227' title='bbox 1332 2911 1422 2975; x_wconf 91' lang='lat' dir='ltr'><strong>quo-</strong></span> 
     </span>
     <span class='ocr_line' id='line_1_27' title="bbox 293 2992 1422 3078; baseline -0.002 -19"><span class='ocrx_word' id='word_1_228' title='bbox 293 3017 366 3060; x_wconf 91' lang='lat' dir='ltr'><strong>rum</strong></span> <span class='ocrx_word' id='word_1_229' title='bbox 392 2995 483 3058; x_wconf 89' lang='lat' dir='ltr'><strong>multi</strong></span> <span class='ocrx_word' id='word_1_230' title='bbox 510 2992 646 3076; x_wconf 86' lang='lat' dir='ltr'><strong>codices,</strong></span> <span class='ocrx_word' id='word_1_231' title='bbox 670 3014 794 3057; x_wconf 89' lang='lat' dir='ltr'><strong>summa</strong></span> <span class='ocrx_word' id='word_1_232' title='bbox 810 2993 874 3057; x_wconf 89' lang='lat' dir='ltr'><strong>fide</strong></span> <span class='ocrx_word' id='word_1_233' title='bbox 891 2992 1053 3078; x_wconf 88' lang='lat' dir='ltr'><strong>descripti,</strong></span> <span class='ocrx_word' id='word_1_234' title='bbox 1069 3014 1128 3077; x_wconf 88' lang='lat' dir='ltr'><strong>per</strong></span> <span class='ocrx_word' id='word_1_235' title='bbox 1147 2992 1250 3056; x_wconf 89' lang='lat' dir='ltr'><strong>varias</strong></span> <span class='ocrx_word' id='word_1_236' title='bbox 1270 2992 1422 3076; x_wconf 85' lang='lat' dir='ltr'><strong>regiones</strong></span> 
     </span>
     <span class='ocr_line' id='line_1_28' title="bbox 293 3092 1422 3180; baseline -0.004 -19"><span class='ocrx_word' id='word_1_237' title='bbox 293 3107 383 3161; x_wconf 87' lang='lat' dir='ltr'><strong>erant</strong></span> <span class='ocrx_word' id='word_1_238' title='bbox 403 3095 549 3180; x_wconf 89' lang='lat' dir='ltr'><strong>dispersi,</strong></span> <span class='ocrx_word' id='word_1_239' title='bbox 577 3115 713 3180; x_wconf 90' lang='lat' dir='ltr'><strong>quorum</strong></span> <span class='ocrx_word' id='word_1_240' title='bbox 739 3095 909 3158; x_wconf 88' lang='lat' dir='ltr'><strong>auctoritas</strong></span> <span class='ocrx_word' id='word_1_241' title='bbox 928 3103 1013 3157; x_wconf 90' lang='lat' dir='ltr'><strong>tanta</strong></span> <span class='ocrx_word' id='word_1_242' title='bbox 1036 3103 1105 3158; x_wconf 91' lang='lat' dir='ltr'><strong>erat</strong></span> <span class='ocrx_word' id='word_1_243' title='bbox 1126 3102 1161 3156; x_wconf 94' lang='lat' dir='ltr'><strong>ut</strong></span> <span class='ocrx_word' id='word_1_244' title='bbox 1182 3092 1297 3157; x_wconf 90' lang='lat' dir='ltr'><strong>divinis</strong></span> <span class='ocrx_word' id='word_1_245' title='bbox 1319 3094 1422 3178; x_wconf 87' lang='lat' dir='ltr'><strong>Moysi</strong></span> 
     </span>
     <span class='ocr_line' id='line_1_29' title="bbox 269 3194 1422 3284; baseline -0.003 -22"><span class='ocrx_word' id='word_1_246' title='bbox 269 3201 415 3284; x_wconf 89' lang='lat' dir='ltr'><strong>scriptis</strong></span> <span class='ocrx_word' id='word_1_247' title='bbox 439 3200 471 3262; x_wconf 88' lang='lat' dir='ltr'><strong>in</strong></span> <span class='ocrx_word' id='word_1_248' title='bbox 495 3199 630 3262; x_wconf 89' lang='lat' dir='ltr'><strong>lectione</strong></span> <span class='ocrx_word' id='word_1_249' title='bbox 659 3198 790 3282; x_wconf 87' lang='lat' dir='ltr'><strong>publica</strong></span> <span class='ocrx_word' id='word_1_250' title='bbox 824 3195 1115 3261; x_wconf 76' lang='lat' dir='ltr'><strong>substituerentur?</strong></span> <span class='ocrx_word' id='word_1_251' title='bbox 1147 3194 1287 3259; x_wconf 89' lang='lat' dir='ltr'><strong>Aliunde</strong></span> <span class='ocrx_word' id='word_1_252' title='bbox 1319 3196 1422 3259; x_wconf 89' lang='lat' dir='ltr'><strong>etiam</strong></span> 
     </span>
     <span class='ocr_line' id='line_1_30' title="bbox 292 3300 1419 3386; baseline -0.004 -20"><span class='ocrx_word' id='word_1_253' title='bbox 292 3303 450 3386; x_wconf 91' lang='lat' dir='ltr'><strong>colligitur</strong></span> <span class='ocrx_word' id='word_1_254' title='bbox 466 3300 662 3385; x_wconf 90' lang='lat' dir='ltr'><strong>impossibile</strong></span> <span class='ocrx_word' id='word_1_255' title='bbox 680 3302 777 3365; x_wconf 83' lang='lat' dir='ltr'><strong>luisse</strong></span> <span class='ocrx_word' id='word_1_256' title='bbox 795 3301 1042 3385; x_wconf 87' lang='lat' dir='ltr'><strong>Evangeliorum</strong></span> <span class='ocrx_word' id='word_1_257' title='bbox 1055 3308 1175 3363; x_wconf 84' lang='lat' dir='ltr'><strong>textum</strong></span> <span class='ocrx_word' id='word_1_258' title='bbox 1192 3319 1419 3383; x_wconf 73' lang='lat' dir='ltr'><strong>corrumpere,</strong></span> 
     </span>
     <span class='ocr_line' id='line_1_31' title="bbox 292 3402 1422 3490; baseline -0.004 -22"><span class='ocrx_word' id='word_1_259' title='bbox 292 3406 366 3490; x_wconf 89' lang='lat' dir='ltr'><strong>quia</strong></span> <span class='ocrx_word' id='word_1_260' title='bbox 390 3405 509 3473; x_wconf 88' lang='lat' dir='ltr'><strong>scilicet</strong></span> <span class='ocrx_word' id='word_1_261' title='bbox 531 3402 645 3467; x_wconf 87' lang='lat' dir='ltr'><strong>diffusa</strong></span> <span class='ocrx_word' id='word_1_262' title='bbox 664 3403 735 3488; x_wconf 84' lang='lat' dir='ltr'><strong>jam</strong></span> <span class='ocrx_word' id='word_1_263' title='bbox 756 3412 824 3468; x_wconf 90' lang='lat' dir='ltr'><strong>erat</strong></span> <span class='ocrx_word' id='word_1_264' title='bbox 854 3403 974 3488; x_wconf 89' lang='lat' dir='ltr'><strong>ubique</strong></span> <span class='ocrx_word' id='word_1_265' title='bbox 994 3412 1152 3466; x_wconf 89' lang='lat' dir='ltr'><strong>terrarum</strong></span> <span class='ocrx_word' id='word_1_266' title='bbox 1172 3402 1341 3466; x_wconf 89' lang='lat' dir='ltr'><strong>christiana</strong></span> <span class='ocrx_word' id='word_1_267' title='bbox 1360 3424 1422 3465; x_wconf 88' lang='lat' dir='ltr'><strong>re-</strong></span> 
     </span>
     <span class='ocr_line' id='line_1_32' title="bbox 293 3503 1423 3592; baseline -0.001 -22"><span class='ocrx_word' id='word_1_268' title='bbox 293 3508 367 3592; x_wconf 87' lang='lat' dir='ltr'><strong>ligio</strong></span> <span class='ocrx_word' id='word_1_269' title='bbox 390 3515 421 3570; x_wconf 89' lang='lat' dir='ltr'><strong>et</strong></span> <span class='ocrx_word' id='word_1_270' title='bbox 436 3507 588 3591; x_wconf 91' lang='lat' dir='ltr'><strong>scriptum</strong></span> <span class='ocrx_word' id='word_1_271' title='bbox 600 3507 816 3570; x_wconf 90' lang='lat' dir='ltr'><strong>testimonium</strong></span> <span class='ocrx_word' id='word_1_272' title='bbox 831 3527 904 3570; x_wconf 92' lang='lat' dir='ltr'><strong>cum</strong></span> <span class='ocrx_word' id='word_1_273' title='bbox 920 3505 999 3569; x_wconf 91' lang='lat' dir='ltr'><strong>orali</strong></span> <span class='ocrx_word' id='word_1_274' title='bbox 1017 3503 1242 3589; x_wconf 77' lang='lat' dir='ltr'><strong>predicatione</strong></span> <span class='ocrx_word' id='word_1_275' title='bbox 1263 3526 1327 3568; x_wconf 89' lang='lat' dir='ltr'><strong>non</strong></span> <span class='ocrx_word' id='word_1_276' title='bbox 1342 3526 1423 3569; x_wconf 91' lang='lat' dir='ltr'><strong>am-</strong></span> 
     </span>
    </p>
   </div>
   <div class='ocr_carea' id='block_1_9' title="bbox 292 3607 1453 3694">
    <p class='ocr_par' dir='ltr' id='par_1_10' title="bbox 292 3576 1559 3694">
     <span class='ocr_line' id='line_1_33' title="bbox 292 3607 1453 3694; baseline -0.004 -22"><span class='ocrx_word' id='word_1_277' title='bbox 292 3610 376 3694; x_wconf 90' lang='lat' dir='ltr'><strong>plius</strong></span> <span class='ocrx_word' id='word_1_278' title='bbox 393 3609 610 3673; x_wconf 88' lang='lat' dir='ltr'><strong>consensisset.</strong></span> <span class='ocrx_word' id='word_1_279' title='bbox 635 3609 837 3692; x_wconf 82' lang='lat' dir='ltr'><strong>Exemplaria</strong></span> <span class='ocrx_word' id='word_1_280' title='bbox 853 3628 951 3693; x_wconf 88' lang='lat' dir='ltr'><strong>quam</strong></span> <span class='ocrx_word' id='word_1_281' title='bbox 967 3608 1105 3691; x_wconf 90' lang='lat' dir='ltr'><strong>plurima</strong></span> <span class='ocrx_word' id='word_1_282' title='bbox 1120 3607 1241 3692; x_wconf 90' lang='lat' dir='ltr'><strong>ubique</strong></span> <span class='ocrx_word' id='word_1_283' title='bbox 1257 3616 1419 3672; x_wconf 88' lang='lat' dir='ltr'><strong>terrarum</strong></span> <span class='ocrx_word' id='word_1_284' title='bbox 1450 3652 1453 3657; x_wconf 68' lang='lat'><strong>,</strong></span> 
     </span>
    </p>
   </div>
   <div class='ocr_carea' id='block_1_10' title="bbox 292 3705 1421 4002">
    <p class='ocr_par' dir='ltr' id='par_1_11' title="bbox 292 3705 1421 4002">
     <span class='ocr_line' id='line_1_34' title="bbox 292 3705 1419 3793; baseline -0.003 -16"><span class='ocrx_word' id='word_1_285' title='bbox 292 3710 469 3777; x_wconf 83' lang='lat' dir='ltr'><strong>existebant</strong></span> <span class='ocrx_word' id='word_1_286' title='bbox 484 3719 516 3774; x_wconf 88' lang='lat' dir='ltr'><strong>et</strong></span> <span class='ocrx_word' id='word_1_287' title='bbox 539 3731 614 3775; x_wconf 88' lang='lat' dir='ltr'><strong>eum</strong></span> <span class='ocrx_word' id='word_1_288' title='bbox 635 3730 761 3774; x_wconf 91' lang='lat' dir='ltr'><strong>summa</strong></span> <span class='ocrx_word' id='word_1_289' title='bbox 784 3709 937 3793; x_wconf 84' lang='lat' dir='ltr'><strong>religione</strong></span> <span class='ocrx_word' id='word_1_290' title='bbox 954 3708 1172 3772; x_wconf 86' lang='lat' dir='ltr'><strong>servabantur.</strong></span> <span class='ocrx_word' id='word_1_291' title='bbox 1189 3705 1333 3771; x_wconf 83' lang='lat' dir='ltr'><strong>Aderant</strong></span> <span class='ocrx_word' id='word_1_292' title='bbox 1343 3707 1419 3793; x_wconf 88' lang='lat' dir='ltr'><strong>jam</strong></span> 
     </span>
     <span class='ocr_line' id='line_1_35' title="bbox 293 3811 1417 3897; baseline -0.002 -19"><span class='ocrx_word' id='word_1_293' title='bbox 293 3813 334 3878; x_wconf 89' lang='lat' dir='ltr'><strong>ad</strong></span> <span class='ocrx_word' id='word_1_294' title='bbox 354 3813 451 3878; x_wconf 86' lang='lat' dir='ltr'><strong>linem</strong></span> <span class='ocrx_word' id='word_1_295' title='bbox 480 3813 586 3878; x_wconf 76' lang='lat' dir='ltr'><strong>saeculi</strong></span> <span class='ocrx_word' id='word_1_296' title='bbox 612 3814 642 3876; x_wconf 94' lang='lat' dir='ltr'><strong>Il</strong></span> <span class='ocrx_word' id='word_1_297' title='bbox 662 3813 887 3897; x_wconf 76' lang='lat' dir='ltr'><strong>antiquissima</strong></span> <span class='ocrx_word' id='word_1_298' title='bbox 913 3811 1074 3875; x_wconf 87' lang='lat' dir='ltr'><strong>versiones</strong></span> <span class='ocrx_word' id='word_1_299' title='bbox 1092 3811 1190 3874; x_wconf 88' lang='lat' dir='ltr'><strong>latina</strong></span> <span class='ocrx_word' id='word_1_300' title='bbox 1210 3819 1241 3874; x_wconf 90' lang='lat' dir='ltr'><strong>et</strong></span> <span class='ocrx_word' id='word_1_301' title='bbox 1265 3811 1417 3896; x_wconf 79' lang='lat' dir='ltr'><strong>syriaca3</strong></span> 
     </span>
     <span class='ocr_line' id='line_1_36' title="bbox 292 3913 1421 4002; baseline -0.002 -21"><span class='ocrx_word' id='word_1_302' title='bbox 292 3916 426 3982; x_wconf 82' lang='lat' dir='ltr'><strong>aderant</strong></span> <span class='ocrx_word' id='word_1_303' title='bbox 453 3917 569 4002; x_wconf 88' lang='lat' dir='ltr'><strong>scripta</strong></span> <span class='ocrx_word' id='word_1_304' title='bbox 595 3917 800 4001; x_wconf 89' lang='lat' dir='ltr'><strong>antiquorum</strong></span> <span class='ocrx_word' id='word_1_305' title='bbox 828 3915 971 3998; x_wconf 88' lang='lat' dir='ltr'><strong>Patrum,</strong></span> <span class='ocrx_word' id='word_1_306' title='bbox 996 3913 1121 3997; x_wconf 72' lang='lat' dir='ltr'><strong>tustini,</strong></span> <span class='ocrx_word' id='word_1_307' title='bbox 1146 3913 1269 3998; x_wconf 79' lang='lat' dir='ltr'><strong>Irenoei,</strong></span> <span class='ocrx_word' id='word_1_308' title='bbox 1287 3914 1421 3979; x_wconf 86' lang='lat' dir='ltr'><strong>Tertul-</strong></span> 
     </span>
    </p>
   </div>
   <div class='ocr_carea' id='block_1_11' title="bbox 323 4190 644 4416">
    <p class='ocr_par' dir='ltr' id='par_1_12' title="bbox 323 4190 644 4416">
     <span class='ocr_line' id='line_1_37' title="bbox 323 4190 644 4255; baseline -0.006 -14"><span class='ocrx_word' id='word_1_309' title='bbox 323 4192 358 4252; x_wconf 83' lang='grc'><strong>(1)</strong></span> <span class='ocrx_word' id='word_1_310' title='bbox 369 4190 451 4255; x_wconf 78' lang='lat' dir='ltr'><strong>Aper.</strong></span> <span class='ocrx_word' id='word_1_311' title='bbox 464 4190 538 4252; x_wconf 76' lang='lat' dir='ltr'><strong>xxti,</strong></span> <span class='ocrx_word' id='word_1_312' title='bbox 555 4190 644 4241; x_wconf 80' lang='lat' dir='ltr'><strong>ra-te.</strong></span> 
     </span>
     <span class='ocr_line' id='line_1_38' title="bbox 323 4269 621 4337; baseline 0.013 -18"><span class='ocrx_word' id='word_1_313' title='bbox 323 4269 358 4331; x_wconf 61' lang='grc' dir='ltr'><strong>(ὲ)</strong></span> <span class='ocrx_word' id='word_1_314' title='bbox 371 4272 408 4322; x_wconf 87' lang='lat' dir='ltr'><strong>De</strong></span> <span class='ocrx_word' id='word_1_315' title='bbox 417 4272 565 4337; x_wconf 80' lang='lat' dir='ltr'><strong>prescript.</strong></span> <span class='ocrx_word' id='word_1_316' title='bbox 579 4271 621 4323; x_wconf 59' lang='grc' dir='ltr'><strong>δᾶ</strong></span> 
     </span>
     <span class='ocr_line' id='line_1_39' title="bbox 324 4350 582 4416; baseline 0.004 -15"><span class='ocrx_word' id='word_1_317' title='bbox 324 4350 359 4410; x_wconf 68' lang='grc' dir='ltr'><strong>(ὅ)</strong></span> <span class='ocrx_word' id='word_1_318' title='bbox 369 4352 448 4416; x_wconf 79' lang='lat' dir='ltr'><strong>-Apot</strong></span> <span class='ocrx_word' id='word_1_319' title='bbox 464 4351 485 4413; x_wconf 90' lang='lat' dir='ltr'><strong>l,</strong></span> <span class='ocrx_word' id='word_1_320' title='bbox 497 4350 582 4402; x_wconf 73' lang='lat' dir='ltr'><strong>oter.</strong></span> 
     </span>
    </p>
   </div>
   <div class='ocr_carea' id='block_1_12' title="bbox 0 0 1589 4948">
    <p class='ocr_par' dir='ltr' id='par_1_13' title="bbox 0 0 1589 4948">
     <span class='ocr_line' id='line_1_40' title="bbox 0 0 1589 4948; baseline 0 0"><span class='ocrx_word' id='word_1_321' title='bbox 0 0 1589 4948; x_wconf 95' lang='lat' dir='ltr'><strong> </strong></span> 
     </span>
    </p>
   </div>
  </div>
 </body>
</html>
