3134 4934
306 351 383 411 rans
395 352 430 395 11.
445 348 540 393 eaeor
553 349 583 391 v.
600 348 639 390 un
650 345 883 399 ousruoauacm
894 351 920 393 s.
938 351 1026 394 raum
1038 345 1196 393 srrsroms
1262 325 1323 390 561

188 438 323 539 'scripsit
335 452 378 518 ad
389 452 624 533 Philemonem,
641 448 683 513 ad
696 437 915 536 Philippenses
929 459 959 515 et
971 452 1171 517 Colossenses
1183 447 1243 534 (l).
1260 448 1327 511 lllae

197 579 294 645 porro
307 557 456 642 Epistulae
473 553 516 619 ad
531 553 629 617 finem
645 554 834 638 captivitatis
846 555 938 618 Pauli
956 555 1078 639 scriptae
1094 553 1325 617 existimantur.

195 659 229 723 Si
241 660 337 745 igitur
348 659 467 722 Paulus
479 658 639 742 scripserit
652 656 736 720 hanc
746 655 921 721 secundam
933 655 976 721 ad
988 656 1190 721 Timotheum
1202 655 1328 740 Episto-

196 763 274 847 lam,
293 761 430 826 durante
445 761 550 845 prima
566 760 759 845 captivitate,
782 781 854 824 eam
875 761 1036 845 scripsisse
1055 758 1210 824 dicendus
1227 768 1273 822 est
1295 759 1329 821 in

198 866 286 930 initio
299 886 363 929 sua
375 864 577 949 captivitatis.
593 861 656 928 Sed
673 863 745 927 hoc
756 882 820 927 nou
838 862 965 928 videtur
981 862 1106 927 admitti
1122 883 1226 947 posse.
1246 861 1328 925 Nam
1371 868 1373 871 ’

199 965 331 1054 quaudo
347 967 519 1052 Apostolus
535 966 669 1051 scripsit,
685 965 757 1052 jam
772 967 939 1030 transierat
959 967 1063 1051 prima
1082 964 1151 1051 ejus
1171 963 1327 1046 defensio,

197 1070 266 1157 jam
282 1070 379 1134 finem
396 1080 550 1155 tanquam
567 1069 657 1132 brevi
681 1069 825 1133 futurum
850 1068 1055 1153 exspectabat
1069 1067 1129 1154 (A).
1151 1068 1330 1131 Praesertim

201 1181 308 1237 autem
325 1192 397 1258 quoe
411 1170 482 1256 (tv,
497 1170 550 1255 tc,
567 1170 622 1256 20)
636 1169 677 1233 de
697 1171 816 1254 penula
828 1169 953 1234 Troade
965 1171 1087 1252 relicta,
1102 1189 1200 1255 quam
1214 1168 1332 1232 afferre

196 1274 302 1360 jubet,
319 1283 350 1337 et
365 1271 607 1358 de'Trophimu,
624 1295 721 1360 quem
739 1275 915 1359 reliquerat
930 1274 1027 1338 Mileti
1044 1272 1219 1354 infirmum,
1242 1271 1332 1336 aliud

199 1380 335 1465 innuunt
351 1377 412 1441 iter
424 1377 468 1441 ab
479 1377 633 1462 Apostolo
649 1385 831 1461 susceptum
848 1397 946 1461 quam
961 1375 1041 1440 illud
1054 1375 1141 1462 quud
1162 1376 1237 1440 lecit
1257 1386 1332 1461 aute

201 1499 257 1542 sua
269 1472 378 1564 priora
391 1478 520 1543 vincula
536 1477 688 1564 quodque
702 1480 735 1542 iu
748 1477 879 1542 Actibus
896 1478 1123 1563 Apostolorum
1136 1476 1329 1562 depingitur.

202 1580 445 1646 Admittendnm
469 1582 586 1666 igitur,
612 1581 824 1666 Apostolum,
855 1580 1016 1669 prioribus
1040 1581 1173 1645 vinculis
1198 1570 1330 1662 solutis,

205 1683 337 1770 aliquod
353 1685 458 1749 iterio
474 1685 544 1750 illas
560 1687 706 1770 regiones
719 1686 904 1769 suscepisse,
924 1687 957 1748 in
972 1705 1035 1770 quo
1053 1684 1164 1748 itinere
1180 1685 1333 1769 penulam

206 1787 370 1872 reliquerit
384 1787 508 1852 Troade
525 1798 556 1852 et
567 1789 777 1873 Trophimum
794 1789 890 1852 Mileti
908 1786 1071 1851 infirmum
1086 1811 1094 1851 ι
1109 1810 1206 1873 porro
1223 1790 1334 1853 llumae

207 1910 316 1953 rursus
330 1893 483 1976 captivus,
500 1893 619 1956 Paulus
637 1890 677 1956 ad
692 1891 894 1955 Timotheum
913 1892 1072 1974 scripserit
1087 1889 1128 1954 dc
1144 1893 1208 1954 istis
1224 1891 1332 1955 robus.

209 1992 344 2061 Videtur
366 1997 463 2080 igitur
484 1994 719 2060 admittendum
740 1996 913 2079 Epistulam
933 1993 975 2058 ad
995 1996 1194 2058 Timotheum
1217 2017 1335 2059 seeun-

94 2125 95 2128 ¹
208 2094 284 2171 dam
297 2098 329 2160 in
341 2096 483 2161 secunda
496 2097 638 2182 Apostoli
652 2096 833 2181 captivitate
845 2096 941 2159 luisse
954 2096 1165 2180 conscriptam
1181 2106 1210 2159 ct
1223 2097 1334 2159 ultimo

207 2200 279 2263 locu
292 2202 401 2264 venire
413 2200 496 2265 iuter
506 2202 661 2287 Epistulas
674 2200 835 2263 Paulines.
850 2199 1104 2284 subscriptiones
1116 2199 1263 2263 codicum
1280 2200 1336 2262 KL

208 2302 409 2389 aliorumque
422 2305 655 2388 permultorum
670 2322 847 2388 graecorum
861 2312 892 2365 et
907 2303 1079 2366 latinorum
1094 2324 1168 2367 cum
1186 2303 1334 2387 Eusebio,

208 2402 442 2489 Chrysustomo,
468 2405 663 2492 Hieronymo
687 2414 717 2468 et
740 2401 951 2487 Theodoreto,
972 2404 1088 2468 diserte
1108 2405 1192 2469 barro
1209 2415 1336 2468 scoten—
1416 2468 1417 2473 ,

208 2505 285 2568 tiam
301 2504 430 2570 firmant
446 2506 505 2591 (5).
538 2528 541 2533 ·
659 2494 662 2500 ¹
1185 2558 1191 2569 f
1289 2540 1291 2544 ⁴
1431 2530 1526 2649 ass

254 2612 285 2674 7.
306 2611 540 2696 Arpumeatuas.
552 2576 672 2711 ffergit
688 2612 871 2697 Apostolus,
889 2610 975 2696 quud
1000 2611 1032 2674 iu
1050 2609 1242 2696 precedenti
1258 2612 1338 2696 Epi-

209 2715 289 2778 stula
307 2712 378 2798 jam
403 2713 535 2796 lecerat,
560 2714 716 2777 iustruere
746 2714 948 2779 Timotheum
970 2712 1011 2777 de
1036 2710 1145 2778 officiis
1175 2714 1258 2777 illius
1283 2715 1338 2800 qui
1353 2683 1432 2802 Ἣ

210 2837 321 2880 curam
345 2817 426 2900 gerit
450 2817 642 2880 animarum.
673 2817 709 2888 Et
738 2819 842 2902 primo
867 2815 998 2902 quidem
1023 2816 1168 2880 bortatur
1190 2818 1281 2880 illum
1304 2811 1371 2925 uix

208 2917 249 2982 ad
262 2939 295 2981 se
308 2918 424 2998 veniat,
443 2918 555 3008 illique
566 2919 710 2982 animum
722 2917 812 2983 addit
824 2927 859 2981 ut
871 2919 1025 2983 constanti
1041 2919 1149 2982 animo
1163 2910 1353 3023 collabor&

200 2999 382 3120 &syngolis
403 3024 471 3086 sine
496 3023 622 3106 timore,
645 3032 681 3085 nt
704 3022 807 3086 bouus
829 3022 921 3085 miles
939 3021 1077 3104 Christi3
1104 3019 1221 3084 deiude
1245 3018 1339 3084 docet

211 3124 374 3191 vitandam
400 3124 649 3209 contentionem,
671 3124 823 3210 fugienda
839 3124 993 3211 iuvenilia
1018 3123 1188 3207 desideria,
1211 3133 1340 3189 scetan-

98 3233 103 3236 ”
212 3228 287 3293 dam
300 3251 376 3294 vcro
392 3229 490 3293 tidem
505 3238 536 3292 et
551 3199 871 3348 charitaterfflffimul
884 3238 990 3292 autem
1003 3229 1163 3293 invehitur
1176 3230 1207 3292 iu
1220 3228 1340 3314 Hyme-
1447 3274 1468 3319 Q
1472 3220 1508 3319 ,1'
1510 3249 1556 3319 J,

212 3353 308 3396 neum
327 3341 357 3395 et
380 3332 540 3397 Philetum
562 3335 616 3418 qui
631 3343 897 3397 resurrectronem
914 3331 985 3417 jam
1009 3333 1128 3396 laetam
1149 3353 1216 3396 esse
1239 3330 1341 3395 doce·
1488 3364 1504 3403 a·
1537 3318 1555 3341 υ

212 3436 404 3523 bant(I-ll).
419 3419 541 3499 Deinde
565 3436 709 3520 praedicit
727 3437 849 3500 futurus
870 3457 937 3499 esse
960 3436 1057 3499 falsos
1080 3432 1227 3499 doctores
1248 3436 1342 3499 variis

213 3540 371 3603 involutos
383 3541 532 3622 peccatis,
550 3548 581 3603 et
598 3540 713 3602 excitat
730 3539 930 3602 Timotheum
947 3548 981 3602 nt
994 3549 1141 3605 constans
1154 3547 1344 3624 permaneat

247 3806 282 3867 (l)
297 3804 344 3856 Cot
365 3805 384 3866 t,
403 3806 426 3868 t;
445 3804 539 3868 l'titip.
552 3803 572 3866 l,
588 3806 612 3869 t;
629 3805 735 3856 Philum.
749 3803 768 3854 l.

246 3886 282 3951 lt)
294 3886 320 3959 ll
334 3888 399 3938 Tim.
413 3886 454 3949 lv,
467 3887 492 3938 6.

247 3969 281 4034 ed)
296 3969 338 4020 Sic
357 3983 431 4033 porro
452 3983 479 4021 se
495 3970 588 4022 habent
602 3971 800 4034 srrlrseriptiones
815 3972 888 4023 codd.
913 3970 954 4021 llb
973 3970 1114 4022 :Secunde
1134 3972 1169 4021 ad
1192 3971 1345 4022 Timotheum
1359 4004 1374 4012 -

214 4052 325 4102 ecclesie
347 4052 519 4116 Ephesiorum
537 4059 714 4103 corraeorutum
730 4054 889 4118 episcopam,
906 4054 1006 4117 scripta
1023 4053 1108 4103 Ruuroe
1123 4052 1227 4117 quarrdu
1246 4052 1345 4103 Paulus

214 4135 326 4184 secanda
347 4135 401 4184 viee
424 4137 572 4199 comparuit
590 4149 679 4186 coram
698 4136 802 4188 Cursore
826 4136 938 4190 Nerone.
964 4135 1001 4186 tta
1023 4136 1099 4186 etiam
1122 4136 1199 4186 codex
1217 4136 1234 4186 S
1252 4134 1346 4206 etalii

217 4216 333 4279 permulti
349 4216 424 4280 greci
439 4223 466 4267 et
479 4217 570 4276 tatint;
593 4218 627 4269 ita
651 4219 727 4269 etiam
751 4219 834 4270 versio
852 4220 948 4282 syriaca
965 4219 1095 4282 posterior.
1113 4217 1149 4269 tta
1165 4218 1276 4282 denique
1295 4218 1346 4268 Eu·

216 4298 311 4359 sebius,
332 4299 399 4348 Hist.
422 4298 492 4358 Ecct.
514 4297 546 4359 ll,
569 4298 611 4359 tt,
630 4300 824 4364 Theodoreus,
846 4302 945 4352 Comm.
972 4303 1006 4351 ud
1021 4301 1046 4350 tr.
1065 4302 1093 4363 t,
1111 4301 1304 4365 chrysostomus
1320 4307 1346 4352 et

217 4379 434 4444 hieronymianis
449 4379 503 4431 Vir.
522 4379 602 4434 illust.
614 4382 638 4432 5.
