3132 4964
249 313 311 380 168
473 336 672 380 titrttonacrto
690 336 836 381 annotatis
856 337 888 379 ta
902 337 928 380 S.
944 336 1143 382 SCRIPTUM!-

158 456 160 461 ’
249 436 471 522 Babyloniam,
501 456 599 521 quam
623 446 729 500 tamen
754 436 918 520 regionem
942 437 1009 521 ipse
1033 458 1097 500 non
1119 435 1250 501 videbit.
1276 433 1380 519 Quod

136 588 139 594 ι
249 540 434 605 vaticinium
447 538 489 603 ad
506 540 641 602 litteram
657 537 977 653 adimpleturqiuisse
992 561 1032 602 ex
1043 539 1174 604 historia
1186 548 1320 605 constat.
1337 540 1381 603 ln

251 642 390 708 secunda
413 652 503 728 parto
528 640 785 727 (xxv-xxxii)
820 641 979 726 Propheta
1009 641 1198 706 vaticinatur
1220 640 1381 727 adversus

253 757 417 811 extraneas
429 753 539 830 gentes
547 766 555 807 ε
563 744 644 808 filios
654 743 793 808 Ammon
790 743 979 910 &abitas²
987 743 1155 828 Idumaeos,
1162 744 1362 810 Philisthaeos
1366 793 1378 828 ‚

252 849 419 930 Sidonios,
445 848 599 933 Assyrios,
624 847 798 932 AEgyptios.
875 846 978 938 EQ
1001 844 1141 933 denique
1162 856 1276 942 poste,
1303 857 1381 932 post

252 955 379 1018 ruinam
391 950 479 1015 urbis
491 950 670 1033 conscripta
682 947 977 1034 (XXXIII-XLVI),
991 948 1135 1013 Ezechiel
1147 971 1255 1014 rursus
1270 972 1382 1036 repre-

254 1055 364 1121 hendit
386 1053 524 1119 Judaeos.
552 1052 700 1117 Attamen
732 1052 803 1115 illos
836 1052 941 1116 statim
964 1052 1147 1116 consolatur
1169 1051 1379 1139 predicitque

253 1162 350 1225 finem
363 1157 553 1244 captivitatis
565 1177 603 1219 ac
615 1153 753 1218 reditum
766 1154 876 1238 populi
889 1154 981 1219 electi
993 1155 1027 1235 in
1039 1163 1158 1219 terram
1171 1137 1414 1265 promissam}

254 1266 311 1328 His
331 1271 439 1325 autem
457 1259 612 1325 vaticiniis
632 1258 717 1320 varia
737 1257 894 1320 immiscet
907 1253 948 1319 de
966 1255 1073 1319 futuro
1085 1256 1204 1321 Messias
1218 1278 1328 1343 regno,
1344 1267 1379 1323 et

255 1370 328 1436 inde
342 1393 362 1435 a
378 1390 449 1453 cap.
464 1366 531 1447 XL,'
550 1362 610 1427 sub
625 1358 795 1446 magnifica
810 1357 1021 1444 descriptione
1038 1358 1124 1424 urbis
1139 1370 1235 1446 atque
1250 1362 1374 1447 templi,

255 1474 397 1561 depingit
420 1489 537 1534 novam
560 1465 820 1550 spiritualemque
842 1462 1032 1545 Jerusalem,
1058 1461 1091 1526 id
1118 1472 1176 1546 est,
1200 1465 1376 1529 Ecclesiam

255 1577 380 1648 Christi.
495 1586 496 1589 ’
580 1608 583 1613 >
1149 1591 1192 1659 a)

299 1683 330 1746 5.
345 1647 489 1777 hTestos,
518 1673 677 1743 versiones,
700 1669 855 1752 dispositio
879 1660 1269 1768 vaticiniorumlEzechicl
1291 1671 1378 1734 vati-

257 1786 339 1851 cinia
359 1776 416 1847 sua
435 1781 469 1843 in
489 1777 597 1860 lingua
613 1772 776 1855 hebraica,
794 1769 926 1834 vocibus
944 1768 1116 1835 chaldaicis
1133 1772 1275 1835 immixta
1295 1793 1377 1836 exa-

255 1889 347 1954 ravit.
365 1911 380 1945 ι(
394 1886 506 1948 Sermo
524 1878 604 1965 ejus,
624 1877 726 1961 inquit
741 1875 773 1938 S.
794 1867 1104 1994 Hieronymusbnec
1129 1874 1203 1938 satis
1227 1872 1374 1958 disertus,

257 2014 316 2057 nec
332 1986 508 2055 admodum
523 1983 658 2047 rusticus
673 1989 730 2063 est,
749 1978 805 2043 sed
827 1998 865 2041 ex
886 1986 1022 2063 utroquo
1044 1977 1149 2042 medio
1168 1987 1374 2063 temperatus.

256 2092 411 2158 Sacerdos
427 2092 493 2175 ipse
510 2087 580 2168 luit,
599 2086 678 2149 sicut
694 2082 860 2165 ieremias,
877 2082 1033 2166 principia
1048 2082 1217 2146 voluminis
1232 2081 1377 2146 crinem

255 2198 380 2283 magnis
395 2194 519 2263 babens
537 2186 780 2255 obscuritatibus
798 2149 988 2249 involutalb
1059 2205 1114 2249 are
1133 2183 1234 2249 ludaei
1253 2186 1379 2250 initium

256 2301 419 2385 finemque
440 2306 512 2360 ante
530 2292 727 2377 trigesimum
743 2289 841 2352 aetatis
860 2307 981 2352 annum
1043 2308 1064 2348 n
1083 2286 1232 2372 legebant
1250 2286 1311 2375 (1)
1331 2288 1379 2352 Ex

257 2412 344 2466 textu
358 2399 487 2464 hehraeo
506 2394 655 2458 derivatae
679 2400 750 2453 sunt
767 2390 871 2453 versio
885 2389 1200 2473 Septuagintaviralis
1223 2399 1254 2454 et
1275 2390 1380 2455 versio

257 2503 355 2568 latina
381 2501 414 2563 S.
432 2495 616 2580 Hieronymi
642 2512 712 2578 quae
731 2493 763 2555 in
783 2491 921 2576 Vulgata
944 2498 1050 2552 nostra
1074 2489 1381 2578 habetursslbntiqua

257 2616 365 2671 autem
388 2604 468 2668 Itala
486 2602 518 2664 in
538 2600 601 2662 hoc
620 2596 702 2659 libro
717 2596 797 2659 sicut
809 2596 840 2658 in
859 2593 928 2657 aliis
948 2594 1091 2678 sequitur
1101 2594 1279 2658 versionem
1294 2616 1380 2680 grte-

188 2785 191 2790 ,
259 2731 342 2792 cam;
360 2726 434 2770 eam
448 2702 680 2768 accuratiorem
701 2697 796 2760 luisse
814 2698 847 2760 in
862 2695 1025 2760 Ezechiele
1042 2715 1140 2781 quam
1158 2697 1191 2759 in
1207 2699 1276 2762 aliis
1295 2698 1379 2763 Pro-

258 2813 361 2899 phetis
384 2816 515 2876 testatur
539 2805 571 2867 S.
588 2803 811 2886 Hieronymus.
829 2799 879 2863 Ad
905 2797 1142 2884 dispositionem
1166 2799 1254 2885 quod
1270 2803 1381 2866 attinet

257 2915 492 2994 vaticiniorum,
507 2908 627 2988 omnia,
645 2905 755 2989 paucis
779 2904 928 2988 exceptis,
948 2901 1040 2988 juxta
1065 2903 1178 2966 seriem
1197 2912 1380 2990 temporum

257 3020 379 3104 digesta
399 3023 471 3079 sunt
491 3020 522 3076 ot
538 3011 604 3074 lere
623 3007 772 3073 continno
790 3027 892 3070 annus
910 3006 942 3069 in
963 3005 1101 3069 vaticinii
1114 3007 1380 3092 superscriptione

257 3119 427 3185 indicatur.
469 3176 494 3213 υ

302 3225 332 3287 t.
350 3192 467 3286 Arctoi
478 3230 567 3303 atque
579 3216 732 3286 diuinitas.
748 3211 945 3311 Ezechielem
962 3210 1035 3275 libri
1052 3221 1215 3276 auctorem
1231 3234 1298 3277 esso
1315 3222 1379 3279 tota

257 3337 343 3391 retro
360 3323 488 3409 agnovit
504 3318 686 3404 antiquitas.
703 3315 895 3379 Universalis
912 3322 1020 3377 autem
1035 3313 1104 3379 haec
1120 3314 1246 3380 traditio
1263 3316 1379 3401 inipso

257 3428 340 3492 libro
361 3427 576 3490 firmissimum
598 3421 694 3484 babet
718 3416 975 3482 fundamentum.
994 3416 1118 3482 Etenim
1134 3426 1166 3482 et
1189 3418 1221 3481 in
1239 3418 1326 3483 initio
1350 3427 1382 3482 et

258 3532 370 3616 saepius
386 3531 419 3592 in
435 3528 572 3592 decursu
586 3532 698 3588 auctor
712 3543 744 3584 se
761 3520 958 3584 Ezechielem
977 3521 1120 3583 nominat
1136 3529 1168 3584 et
1185 3522 1334 3586 continuo
1346 3522 1380 3586 in

259 3636 362 3720 prima
374 3652 509 3718 persona
523 3628 674 3713 loquitur.
684 3627 765 3688 Rem
781 3621 947 3686 confirmat
958 3622 1194 3687 Ecclesiasticus
1202 3598 1380 3728 (fihQuare

293 3796 328 3861 (Ι)
342 3797 378 3846 lie
392 3796 478 3845 Wette
490 3798 559 3844 recte
575 3793 691 3843 observat
706 3786 862 3838 Ezechielem
877 3785 905 3835 in
923 3785 998 3836 rebus
1013 3786 1155 3855 symbolicis
1173 3793 1200 3837 et
1213 3788 1239 3838 in
1256 3787 1384 3853 allegoriis

260 3880 379 3930 continuo
396 3876 499 3935 versari,
520 3875 581 3925 iatso
595 3881 680 3923 autem
698 3872 804 3921 atiirmat
826 3882 884 3919 euna
901 3869 968 3918 inter
982 3869 1119 3931 Prophetas
1140 3869 1251 3933 primum
1266 3883 1321 3922 esse
1336 3870 1383 3935 qui

260 3962 404 4024 augelorum
419 3959 573 4008 mentionem
589 3954 686 4005 iecerit.
700 3952 859 4003 Contrarium
871 3949 939 4000 enim
949 3949 1041 4000 invicte
1056 3950 1176 4013 probatur
1190 3965 1222 4002 ex
1235 3951 1289 4006 Iso.
1303 3950 1344 4013 vi,
1355 3949 1395 4010 ae

259 4039 541 4101 mutantibus
558 4035 675 4094 xxxva,
692 4034 734 4097 563
747 4033 789 4083 Os.
807 4031 860 4092 itit,
876 4033 900 4082 5.
918 4038 967 4081 etc.
985 4032 1033 4081 ttiu
1046 4039 1132 4083 autem
1145 4041 1218 4084 antea
1230 4033 1283 4097 jam
1300 4046 1385 4084 sermo

261 4124 287 4173 tt
301 4124 332 4172 dc
344 4122 438 4184 augetis
451 4121 511 4171 Gen.
528 4119 591 4179 tux,
607 4120 630 4178 t,
645 4117 684 4177 tta
700 4115 807 4176 xxviii,
825 4114 864 4176 ta,
882 4121 931 4164 etc.

293 4201 519 4266 (sinceritati,
537 4201 569 4250 to
586 4216 591 4249 ι
612 4198 727 4250 Ezechiel
741 4198 785 4262 qui
805 4196 871 4246 vidit
886 4199 1049 4262 conspectum
1063 4193 1161 4260 pieria,
1177 4207 1255 4259 quom
1271 4193 1384 4245 ostendit

260 4285 299 4335 titi
310 4286 338 4334 in
353 4298 434 4334 curru
452 4284 590 4335 chautim.
609 4283 670 4343 Quae
685 4281 758 4331 verba
771 4280 902 4343 designant
920 4279 1025 4343 primam
1041 4277 1164 4327 visionem
1177 4289 1254 4340 quam
1266 4273 1384 4328 Ezechiel

261 4367 355 4417 babuit.
