3168 4948
341 344 353 371 ,
417 313 491 356 raas
505 313 540 357 11.
554 311 647 354 osrnr
661 312 704 353 ιν.
724 312 762 353 nr
776 311 897 355 acrinus
913 314 1141 360 srosronomnr.
1280 300 1339 362 521
1379 313 1380 317 ’

222 415 294 480 cula
311 414 344 476 in
360 414 405 477 cis
420 414 614 476 referuntur.
633 410 781 495 Sepositis
801 411 886 474 cnim
900 412 987 476 hisce
1002 415 1175 496 miraculis,
1192 416 1343 499 explicari

221 519 332 603 nequit
356 514 519 603 quomodo
547 514 685 578 Ecclesia
715 513 885 578 christiana
913 514 1080 582 efformata
1107 519 1214 583 fuerit.
1241 520 1344 584 «Hoc

221 621 319 701 enim,
333 628 369 682 ut
392 619 434 682 ait
458 618 491 681 S.
511 617 750 702 chrysostomus
767 616 826 701 (1),
846 618 1022 681 maximum
1040 629 1121 684 esset
1137 621 1341 704 miraculum,

222 724 247 786 si
260 724 326 786 sine
342 721 504 785 miraculis
515 729 598 783 totus
611 718 697 782 orbis
712 719 909 800 accurrisset,
927 741 946 784 a
962 719 1133 786 duodecim
1149 722 1344 808 pauperibus

222 836 252 889 ct
264 826 418 923 illiteratis
433 822 616 887 hominibus
635 831 755 907 captus.
776 849 790 881 o
1379 860 1446 942 .ss

194 916 239 1027 ᾗ
266 918 485 1045 llffcniquc
503 928 617 990 veritas
633 925 706 989 libri
726 925 864 988 Actuum
886 926 1092 991 confirmatur
1108 950 1146 991 ex
1161 930 1231 993 aliis
1246 930 1284 993 N.
1306 930 1340 993 T.
1366 954 1415 1054 ,p
1439 884 1499 959 35·-

222 1033 344 1116 scriptis
361 1039 391 1094 et
407 1052 446 1094 ex
458 1030 494 1093 iis
507 1031 602 1093 etiam
619 1049 689 1114 quae
702 1038 834 1092 narrant
847 1029 972 1093 Flavius
988 1032 1144 1116 losephus
1157 1043 1186 1096 et
1200 1043 1345 1097 auctores

221 1115 348 1220 profaini
365 1104 425 1246 (1]

266 1239 318 1301 18.
339 1236 411 1321 Otj.
434 1237 554 1301 Auctor
574 1234 723 1318 Actuum,
743 1238 818 1321 quia
837 1237 928 1300 Pauli
946 1239 1126 1322 apologiam
1146 1237 1342 1317 intendebat,

222 1342 315 1424 plura
329 1337 406 1403 dixit
424 1360 495 1425 quae
508 1339 587 1402 salsa
609 1360 676 1402 csse
692 1347 779 1423 patct
794 1340 951 1423 imprimis
967 1361 1006 1402 ex
1018 1361 1056 1404 co
1076 1338 1162 1426 quod
1180 1361 1254 1405 cum
1269 1341 1345 1424 ipsis

113 1461 115 1464 ⁴
223 1444 254 1507 S.
289 1443 379 1507 Pauli
409 1442 573 1527 Epistolis,
599 1442 773 1525 prasertim
795 1462 871 1505 vcro
896 1462 969 1506 cum
991 1442 1131 1526 Epistola
1154 1443 1195 1505 ad
1218 1441 1344 1508 Galatas

225 1556 377 1632 pugnant.

267 1648 319 1711 19.
342 1649 432 1732 Resp.
452 1646 571 1710 Nullibi
585 1646 617 1709 S.
633 1646 735 1710 Lucas
750 1645 790 1710 de
806 1648 906 1710 Paulo
926 1648 969 1711 ita
986 1649 1126 1734 loquitur
1142 1656 1177 1711 ut
1193 1669 1231 1711 ex
1246 1647 1344 1710 nimio
1431 1694 1434 1701 ,

225 1749 292 1835 ojus
316 1752 348 1814 in
370 1751 506 1813 Paulum
532 1748 635 1814 studio
659 1750 775 1813 veritas
804 1749 1031 1814 detrimentum
1055 1772 1146 1836 passa
1173 1752 1222 1813 sit.
1246 1750 1277 1812 Si
1304 1748 1344 1812 de

224 1854 322 1917 Paulo
335 1854 427 1938 plura
440 1852 593 1938 praeclara
607 1861 726 1934 narrat,
738 1862 845 1915 narrat
858 1853 954 1916 etiam
967 1855 1070 1936 ipsum
1084 1852 1257 1917 Ecclesiam
1270 1874 1344 1937 per-

224 1966 366 2020 secutum
382 1956 489 2019 fuisse.
503 1956 669 2018 Praetensae
682 1963 789 2018 autem
803 1975 873 2041 quae
885 1956 1064 2039 allegantur
1081 1953 1345 2019 contradictiones

225 2060 256 2121 in
278 2059 357 2121 falsa
373 2067 516 2120 textuum
535 2057 793 2141 interpretatione
817 2058 971 2120 nituntur.
998 2056 1049 2120 Sic
1064 2078 1095 2120 v.
1118 2076 1150 2139 g.
1168 2056 1286 2119 Paulus
1306 2057 1346 2118 ad

227 2161 353 2227 Galatas
370 2160 410 2245 (I,
441 2160 495 2235 17)
514 2159 590 2224 dicit
617 2181 650 2223 se
677 2158 855 2224 ascendisse
883 2160 1125 2244 lerosolymam,
1147 2158 1203 2223 ubi
1221 2160 1344 2222 nonnisi

224 2265 298 2327 diros
314 2262 475 2347 Apostolos
488 2261 578 2325 vidit.
597 2263 633 2324 ln
649 2262 772 2326 Actibus
788 2271 893 2325 autem
910 2263 1011 2325 Lucas
1023 2262 1066 2324 ait
1086 2262 1221 2325 Paulum
1238 2260 1345 2325 dedu-

225 2377 310 2431 ctum
320 2368 417 2430 fuisse
429 2365 471 2429 ad
482 2366 653 2451 Apostolos.
666 2366 819 2447 Quanam
833 2373 878 2428 est
890 2367 973 2429 inter
984 2363 1064 2427 duas
1076 2365 1146 2427 illas
1158 2365 1347 2427 assertiones

225 2468 453 2533 contradictio?
469 2470 506 2531 In
530 2467 661 2532 Actibus
686 2470 849 2532 conversio
865 2468 897 2531 S.
923 2467 1014 2531 Pauli
1037 2468 1174 2530 refertur
1194 2466 1226 2529 in
1247 2466 1347 2530 tribus

208 2569 355 2634 diversis
374 2570 451 2633 locis
467 2571 545 2632 etin
560 2591 625 2632 uno
642 2570 712 2634 loco
733 2567 880 2654 quasdam
902 2569 1084 2633 referuntur
1104 2588 1175 2652 quae
1197 2568 1229 2630 in
1246 2567 1347 2631 altero

226 2673 348 2736 silentio
378 2681 578 2757 premuntur,
599 2670 655 2735 sed
685 2694 794 2735 rursus
818 2693 964 2758 quaenam
991 2673 1024 2735 in
1042 2672 1090 2735 his
1113 2669 1348 2734 contradictio?

225 2775 297 2838 Non
312 2773 469 2860 majorem
485 2776 550 2838 vim
563 2774 683 2838 habent
699 2775 762 2839 alia
780 2795 851 2860 quae
865 2774 1069 2860 objiciuntur.

183 3052 185 3056 Ι
261 2993 296 3057 (1)
307 2992 399 3046 Hamil.
414 2991 460 3041 lin
472 2991 530 3041 Aet.
545 3006 572 3041 n.
584 2991 609 3041 l.
626 2990 677 3041 Clr.
693 2991 859 3054 Augustinus
878 2993 911 3041 De
921 2990 991 3040 civit.
1009 2990 1054 3041 Dei
1071 2991 1114 3042 lib.
1130 2989 1204 3052 llllll,
1221 3003 1275 3054 cap.
1289 2992 1306 3041 5
1321 2996 1347 3042 et

229 3090 285 3140 sqq.

261 3156 297 3221 (1)
310 3158 365 3208 Vid.
377 3158 413 3208 lte
423 3157 551 3220 vunger,
563 3155 704 3207 Introduct.
718 3164 736 3206 t.
753 3155 763 3206 l
778 3169 804 3219 p.
821 3155 942 3219 cdd-olm
955 3163 974 3207 t.
988 3155 1009 3205 ll
1025 3169 1049 3219 p.
1063 3136 1183 3219 ersten
1198 3156 1289 3217 Glaire‚
1302 3156 1347 3207 la·

228 3241 338 3291 traduce.
353 3247 371 3290 t.
386 3237 426 3300 lV,
439 3253 456 3303 p
477 3240 526 3290 591
540 3253 597 3303 sqq.
1101 3257 1103 3261 ⁷
