3166 4958
256 258 320 322 188
488 278 687 321 mrnonucrro
706 276 854 343 saucians
867 277 899 319 m
918 277 944 320 s.
961 268 1181 320 semmurum·

700 476 731 538 9.
757 474 937 576 Sophoaias.

300 676 352 740 25.
379 677 556 762 sophonias
580 679 704 774 (nunt),
729 679 824 743 Chusi
848 677 948 760 iilius,
973 677 1033 747 suh
1055 676 1154 759 Josia,
1179 695 1254 760 rege
1276 672 1385 758 Judae,

256 797 444 862 vaticinatus
467 809 524 881 est,
547 808 582 862 ut
601 765 723 863 donstat
742 821 781 862 ex
803 795 1007 885 inscriptione
1031 797 1071 882 (1,
1093 796 1138 882 1).
1163 795 1387 859 Comminatur

256 900 416 983 Propheta
437 901 670 985 peccatoribus,
689 903 828 965 maxime
851 900 1038 981 idololatris,
1065 898 1248 984 gravissima
1270 899 1383 980 mala,
1431 950 1438 955 .

258 996 388 1065 exitium
408 1002 573 1067 denuntiat
596 1003 696 1084 Gazae,
729 1003 838 1086 Azoto,
864 1003 1022 1082 Accaron,
1047 1002 1197 1082 Ascalon,
1222 1000 1383 1081 Moabitis,

257 1105 460 1190 Ammonitis,
480 1108 682 1193 AEthiopibus
702 1117 732 1172 et
746 1108 863 1172 Ninivi.
883 1108 1047 1172 Invehitur
1064 1127 1173 1169 rursus
1193 1106 1226 1168 in
1241 1103 1383 1187 Judaeos,

258 1210 309 1285 eis
319 1211 398 1273 iram
413 1209 555 1274 divinam
574 1213 726 1294 minatum
745 1210 884 1297 denique
902 1212 1036 1276 salutem
1052 1231 1070 1272 a
1086 1210 1153 1272 Deo
1171 1209 1337 1293 promittit.

709 1430 762 1493 10.
780 1430 928 1514 ‘Appteas

303 1660 355 1722 26.
381 1658 540 1743 Aggasus,
564 1659 733 1723 Zacharias
756 1668 787 1722 ot
810 1659 998 1740 Malachias,
1025 1659 1080 1745 qui
1101 1659 1249 1739 ultimum
1274 1667 1384 1722 tenent

257 1763 364 1843 locum
377 1763 458 1825 inter
471 1764 610 1826 minores
622 1763 810 1847 Prophetas,
824 1763 984 1826 vaticinati
998 1771 1070 1826 sunt
1082 1771 1154 1847 post
1166 1762 1382 1846 captivitatem

255 1863 496 1948 Babylonicam.

300 1967 352 2029 27.
377 1965 513 2051 Aggasus
542 1967 621 2065 (app)
644 1988 761 2031 munus
789 1968 1011 2053 propheticum
1039 1967 1108 2031 iniit
1131 1988 1216 2030 anno
1240 1965 1381 2031 secundo

253 2087 339 2151 Darii
367 2088 451 2171 regis
474 2087 551 2173 (520
573 2110 604 2152 a.
627 2087 730 2171 Chr),
755 2087 788 2152 id
820 2097 866 2151 ost
886 2088 985 2171 Darii,
1016 2085 1072 2151 filii
1101 2087 1275 2173 Hystaspis,
1298 2087 1382 2170 regis

251 2191 422 2254 Persarum
446 2191 506 2275 (1).
529 2191 636 2272 Quum
657 2193 835 2256 intermissa
859 2192 968 2256 fuisset
990 2192 1101 2277 templi
1125 2190 1381 2276 derosolymitani

228 2368 231 2371 ,
251 2289 466 2373 reedificatim
488 2293 572 2355 Dans
589 2294 749 2356 suscitavit
763 2294 939 2378 Prophetas
955 2293 1195 2378 suosAggaeum
1210 2302 1242 2355 et
1257 2292 1381 2356 Zacha-

250 2395 350 2477 riam,
366 2397 474 2479 quiex
489 2405 578 2480 parte
593 2398 663 2475 net,
683 2419 766 2461 anno
785 2395 926 2462 secundo
943 2398 1030 2461 Darii
1046 2398 1142 2482 regis,
1159 2395 1286 2460 Judaeos
1301 2395 1381 2459 hor·

251 2496 306 2558 tati
334 2506 407 2560 sunt
435 2496 476 2560 ad
501 2498 751 2563 continuandam
776 2499 886 2584 templi
914 2501 1172 2563 exstructionem.
1195 2499 1242 2561 Dc
1259 2498 1321 2562 hac
1344 2519 1380 2560 re

131 2678 133 2681 Ι
250 2598 440 2681 praeclarum
466 2597 622 2662 habemus
644 2600 859 2664 testimonium
882 2602 901 2663 I
923 2601 1015 2671 Esdr.
1034 2600 1074 2682 V,
1094 2601 1156 2663 1-2
1175 2622 1183 2663 :
1203 2598 1385 2692 Prophetaj

250 2712 357 2763 amant
372 2703 472 2764 antara
487 2702 618 2786 Appaeas
632 2702 791 2786 propheta,
805 2714 833 2767 et
854 2702 1022 2767 Zacharias
1040 2702 1125 2788 filias
1137 2704 1227 2766 Addo
1242 2701 1382 2787 prophe·

251 2813 347 2866 trmtes
361 2802 402 2864 ad
412 2803 535 2868 Jadoeos
551 2808 604 2889 qai
618 2816 705 2867 erant
717 2807 749 2867 ia
765 2806 874 2869 tatae
889 2817 916 2868 at
936 2803 1118 2877 Jerusalem,
1133 2807 1165 2866 ia
1188 2806 1309 2866 nomiae
1323 2803 1385 2865 net

249 2905 357 2971 Israel.
377 2907 670 2971 Tanc'sarreaeraat
687 2907 851 2972 Zorobabel
864 2908 950 2993 filias
966 2907 1125 2980 saturant,
1144 2919 1171 2969 rt
1189 2908 1283 2981 desae
1296 2904 1382 2990 filias

250 3009 384 3095 donadac,
404 3022 432 3072 et
449 3022 600 3095 caperent
618 3012 768 3097 aedificare
780 3010 929 3096 ‘temptam
947 3012 1006 3074 Dei
1022 3012 1054 3073 ia
1068 3008 1251 3075 «Ierusalem.
1270 3020 1299 3071 et
1314 3029 1382 3071 cam

251 3113 293 3175 eis
315 3112 481 3196 Propheta
502 3115 560 3176 Dat
584 3115 763 3198 adjacentes
786 3136 846 3182 eos.
1276 3102 1278 3106 Α

295 3213 348 3276 28.
363 3213 496 3278 Brevior
511 3214 619 3300 Agger
633 3215 760 3279 libellus
773 3215 837 3279 duo
854 3217 959 3301 capita
972 3215 1204 3299 complectitur,
1219 3211 1383 3298 inquibus

252 3315 392 3378 narratio
404 3316 553 3380 historica
566 3317 672 3382 verbis
681 3318 875 3403 propheticis
890 3315 1145 3403 conjungiturln
1158 3317 1265 3399 priore
1277 3315 1382 3399 capite

252 3417 396 3480 hortatur
414 3439 504 3481 sacer
523 3420 619 3485 Vates
634 3418 761 3490 Judaeos
779 3419 819 3484 ad
837 3419 1015 3505 urgendum
1032 3414 1382 3502 templireaediiicatio-

252 3541 340 3602 nem,
362 3542 426 3606 qua
441 3522 620 3587 hortatione
633 3523 760 3587 excitati
776 3524 881 3587 statim
899 3522 1002 3586 labori
1020 3543 1053 3585 se
1066 3521 1249 3604 accingunt.
1272 3518 1382 3604 Capite

252 3623 427 3708 posteriore
448 3624 608 3709 Propheta
632 3628 814 3690 consolatur
835 3624 1021 3690 Judaeorum
1044 3645 1157 3704 senes,
1184 3623 1238 3708 qui
1261 3621 1384 3686 flebant

253 3723 392 3789 videndo
405 3727 561 3810 templum
579 3749 698 3792 novum
716 3731 836 3814 templo
852 3728 1031 3792 Salomonis
1048 3735 1115 3790 tum
1131 3725 1381 3810 magnificentia,

254 3836 321 3892 tum
343 3830 413 3893 auri
448 3830 636 3916 argentique
664 3833 756 3916 copia
785 3832 886 3909 multo
913 3824 1110 3894 inferiorem
1126 3820 1205 3893 esse.
1234 3825 1389 3891 Praedicit·

251 3930 412 4014 Propheta
433 3933 590 4018 templum
612 3934 675 3998 hoc
699 3918 876 3998 secundum
901 3935 1006 4018 primo
1036 3933 1106 3997 tore
1128 3929 1383 4017 magnificentius

252 4026 328 4114 quia
355 4033 564 4099 Dasrnanarus
587 4038 708 4100 cunctis
729 4036 875 4121 gentibus
898 4034 978 4098 illud
1006 4035 1107 4120 gloria
1131 4054 1187 4096 sua
1213 4041 1281 4097 erat
1304 4031 1383 4094 illu-

255 4143 422 4199 straturus.

290 4298 326 4361 (1)
340 4298 405 4365 App.
420 4299 439 4362 1,
453 4301 476 4360 t;
489 4300 520 4364 u,
533 4301 588 4353 1-2.
