<?xml version="1.0" encoding="UTF-8"?>
<!DOCTYPE html PUBLIC "-//W3C//DTD XHTML 1.0 Transitional//EN"
    "http://www.w3.org/TR/xhtml1/DTD/xhtml1-transitional.dtd">
<html xmlns="http://www.w3.org/1999/xhtml" xml:lang="en" lang="en">
 <head>
  <title>
</title>
<meta http-equiv="Content-Type" content="text/html;charset=utf-8" />
  <meta name='ocr-system' content='tesseract 3.04.00' />
  <meta name='ocr-capabilities' content='ocr_page ocr_carea ocr_par ocr_line ocrx_word'/>
</head>
<body>
  <div class='ocr_page' id='page_1' title='image "./introductioinsa00lamygoog/introductioinsa00lamygoog_0391.png"; bbox 0 0 3134 4934; ppageno 0'>
   <div class='ocr_carea' id='block_1_1' title="bbox 267 296 1188 363">
    <p class='ocr_par' dir='ltr' id='par_1_1' title="bbox 267 296 1188 363">
     <span class='ocr_line' id='line_1_1' title="bbox 267 296 1188 363; baseline 0.003 -4"><span class='ocrx_word' id='word_1_1' title='bbox 267 296 331 359; x_wconf 76' lang='lat'><strong>572</strong></span> <span class='ocrx_word' id='word_1_2' title='bbox 484 296 685 356; x_wconf 78' lang='lat' dir='ltr'><strong>turnoouerio</strong></span> <span class='ocrx_word' id='word_1_3' title='bbox 709 311 858 354; x_wconf 75' lang='lat' dir='ltr'><strong>eruemus</strong></span> <span class='ocrx_word' id='word_1_4' title='bbox 877 313 911 354; x_wconf 81' lang='lat' dir='ltr'><strong>ra</strong></span> <span class='ocrx_word' id='word_1_5' title='bbox 934 313 960 356; x_wconf 88' lang='lat' dir='ltr'><strong>s.</strong></span> <span class='ocrx_word' id='word_1_6' title='bbox 986 312 1188 363; x_wconf 77' lang='lat' dir='ltr'><strong>sensarunan.</strong></span> 
     </span>
    </p>
   </div>
   <div class='ocr_carea' id='block_1_2' title="bbox 265 411 1405 1735">
    <p class='ocr_par' dir='ltr' id='par_1_2' title="bbox 265 411 1405 1735">
     <span class='ocr_line' id='line_1_2' title="bbox 267 411 1402 504; baseline -0.011 -24"><span class='ocrx_word' id='word_1_7' title='bbox 267 424 314 480; x_wconf 91' lang='lat' dir='ltr'><strong>cst</strong></span> <span class='ocrx_word' id='word_1_8' title='bbox 326 436 384 479; x_wconf 90' lang='lat' dir='ltr'><strong>suo</strong></span> <span class='ocrx_word' id='word_1_9' title='bbox 400 414 530 499; x_wconf 89' lang='lat' dir='ltr'><strong>eloquio</strong></span> <span class='ocrx_word' id='word_1_10' title='bbox 546 411 766 494; x_wconf 85' lang='lat' dir='ltr'><strong>disertissime,</strong></span> <span class='ocrx_word' id='word_1_11' title='bbox 784 419 819 473; x_wconf 86' lang='lat' dir='ltr'><strong>nt</strong></span> <span class='ocrx_word' id='word_1_12' title='bbox 836 432 873 474; x_wconf 89' lang='lat' dir='ltr'><strong>ea</strong></span> <span class='ocrx_word' id='word_1_13' title='bbox 887 432 958 497; x_wconf 79' lang='lat' dir='ltr'><strong>quse</strong></span> <span class='ocrx_word' id='word_1_14' title='bbox 975 413 1165 501; x_wconf 75' lang='lat' dir='ltr'><strong>eloquenter</strong></span> <span class='ocrx_word' id='word_1_15' title='bbox 1181 418 1300 504; x_wconf 81' lang='lat' dir='ltr'><strong>scripta</strong></span> <span class='ocrx_word' id='word_1_16' title='bbox 1325 419 1402 484; x_wconf 66' lang='lat' dir='ltr'><strong>fue.</strong></span> 
     </span>
     <span class='ocr_line' id='line_1_3' title="bbox 265 513 1402 605; baseline 0.004 -25"><span class='ocrx_word' id='word_1_17' title='bbox 265 526 338 580; x_wconf 88' lang='lat' dir='ltr'><strong>rant</strong></span> <span class='ocrx_word' id='word_1_18' title='bbox 355 518 388 580; x_wconf 89' lang='lat' dir='ltr'><strong>in</strong></span> <span class='ocrx_word' id='word_1_19' title='bbox 409 515 551 598; x_wconf 81' lang='lat' dir='ltr'><strong>hebreo,</strong></span> <span class='ocrx_word' id='word_1_20' title='bbox 573 513 774 599; x_wconf 76' lang='lat' dir='ltr'><strong>eloquentius</strong></span> <span class='ocrx_word' id='word_1_21' title='bbox 792 521 992 579; x_wconf 72' lang='lat' dir='ltr'><strong>verterentur</strong></span> <span class='ocrx_word' id='word_1_22' title='bbox 1009 518 1041 580; x_wconf 93' lang='lat' dir='ltr'><strong>in</strong></span> <span class='ocrx_word' id='word_1_23' title='bbox 1060 540 1202 605; x_wconf 76' lang='lat' dir='ltr'><strong>graecum</strong></span> <span class='ocrx_word' id='word_1_24' title='bbox 1226 542 1234 583; x_wconf 74' lang='grc' dir='ltr'><strong><em>ε</em></strong></span> <span class='ocrx_word' id='word_1_25' title='bbox 1256 530 1288 585; x_wconf 90' lang='lat' dir='ltr'><strong>et</strong></span> <span class='ocrx_word' id='word_1_26' title='bbox 1316 521 1402 586; x_wconf 89' lang='lat' dir='ltr'><strong>hane</strong></span> 
     </span>
     <span class='ocr_line' id='line_1_4' title="bbox 267 615 1399 707; baseline 0.003 -24"><span class='ocrx_word' id='word_1_27' title='bbox 267 641 398 683; x_wconf 88' lang='lat' dir='ltr'><strong>causum</strong></span> <span class='ocrx_word' id='word_1_28' title='bbox 409 639 489 701; x_wconf 90' lang='lat' dir='ltr'><strong>csse,</strong></span> <span class='ocrx_word' id='word_1_29' title='bbox 500 615 584 702; x_wconf 92' lang='lat' dir='ltr'><strong>quod</strong></span> <span class='ocrx_word' id='word_1_30' title='bbox 596 639 616 681; x_wconf 87' lang='lat' dir='ltr'><strong>a</strong></span> <span class='ocrx_word' id='word_1_31' title='bbox 629 617 741 681; x_wconf 87' lang='lat' dir='ltr'><strong>ceteris</strong></span> <span class='ocrx_word' id='word_1_32' title='bbox 749 617 841 680; x_wconf 90' lang='lat' dir='ltr'><strong>Pauli</strong></span> <span class='ocrx_word' id='word_1_33' title='bbox 855 616 1002 703; x_wconf 88' lang='lat' dir='ltr'><strong>Epistolis</strong></span> <span class='ocrx_word' id='word_1_34' title='bbox 1013 618 1199 707; x_wconf 84' lang='lat' dir='ltr'><strong>discrepare</strong></span> <span class='ocrx_word' id='word_1_35' title='bbox 1208 621 1369 688; x_wconf 84' lang='lat' dir='ltr'><strong>videatur.</strong></span> <span class='ocrx_word' id='word_1_36' title='bbox 1384 651 1399 686; x_wconf 82' lang='lat' dir='ltr'><strong>n</strong></span> 
     </span>
     <span class='ocr_line' id='line_1_5' title="bbox 266 719 1402 806; baseline 0.001 -18"><span class='ocrx_word' id='word_1_37' title='bbox 266 722 388 788; x_wconf 87' lang='lat' dir='ltr'><strong>Clarius</strong></span> <span class='ocrx_word' id='word_1_38' title='bbox 411 720 519 786; x_wconf 88' lang='lat' dir='ltr'><strong>adhue</strong></span> <span class='ocrx_word' id='word_1_39' title='bbox 542 721 684 806; x_wconf 90' lang='lat' dir='ltr'><strong>loquitur</strong></span> <span class='ocrx_word' id='word_1_40' title='bbox 706 720 740 783; x_wconf 91' lang='lat' dir='ltr'><strong>in</strong></span> <span class='ocrx_word' id='word_1_41' title='bbox 764 719 862 804; x_wconf 86' lang='lat' dir='ltr'><strong>Epist.</strong></span> <span class='ocrx_word' id='word_1_42' title='bbox 888 719 931 783; x_wconf 88' lang='lat' dir='ltr'><strong>ad</strong></span> <span class='ocrx_word' id='word_1_43' title='bbox 953 721 1086 787; x_wconf 79' lang='lat' dir='ltr'><strong>Darden</strong></span> <span class='ocrx_word' id='word_1_44' title='bbox 1108 746 1117 787; x_wconf 77' lang='lat' dir='ltr'><strong>s</strong></span> <span class='ocrx_word' id='word_1_45' title='bbox 1142 750 1156 784; x_wconf 85' lang='lat' dir='ltr'><strong>u</strong></span> <span class='ocrx_word' id='word_1_46' title='bbox 1177 723 1262 789; x_wconf 89' lang='lat' dir='ltr'><strong>lllnd</strong></span> <span class='ocrx_word' id='word_1_47' title='bbox 1287 727 1402 790; x_wconf 88' lang='lat' dir='ltr'><strong>nostris</strong></span> 
     </span>
     <span class='ocr_line' id='line_1_6' title="bbox 268 823 1402 908; baseline 0.004 -21"><span class='ocrx_word' id='word_1_48' title='bbox 268 823 441 889; x_wconf 89' lang='lat' dir='ltr'><strong>dicendum</strong></span> <span class='ocrx_word' id='word_1_49' title='bbox 450 833 504 888; x_wconf 82' lang='lat' dir='ltr'><strong>est</strong></span> <span class='ocrx_word' id='word_1_50' title='bbox 520 825 606 888; x_wconf 90' lang='lat' dir='ltr'><strong>banc</strong></span> <span class='ocrx_word' id='word_1_51' title='bbox 630 824 797 908; x_wconf 87' lang='lat' dir='ltr'><strong>epistolam</strong></span> <span class='ocrx_word' id='word_1_52' title='bbox 816 843 889 908; x_wconf 85' lang='lat' dir='ltr'><strong>quae</strong></span> <span class='ocrx_word' id='word_1_53' title='bbox 904 824 1088 891; x_wconf 77' lang='lat' dir='ltr'><strong>inscribitur</strong></span> <span class='ocrx_word' id='word_1_54' title='bbox 1104 828 1144 891; x_wconf 85' lang='lat' dir='ltr'><strong>ad</strong></span> <span class='ocrx_word' id='word_1_55' title='bbox 1160 828 1316 903; x_wconf 78' lang='lat' dir='ltr'><strong>Hebraeos,</strong></span> <span class='ocrx_word' id='word_1_56' title='bbox 1339 850 1402 893; x_wconf 85' lang='lat' dir='ltr'><strong>non</strong></span> 
     </span>
     <span class='ocr_line' id='line_1_7' title="bbox 268 922 1405 1017; baseline 0.003 -25"><span class='ocrx_word' id='word_1_57' title='bbox 268 927 364 992; x_wconf 85' lang='lat' dir='ltr'><strong>solum</strong></span> <span class='ocrx_word' id='word_1_58' title='bbox 382 927 418 990; x_wconf 83' lang='lat' dir='ltr'><strong>ab</strong></span> <span class='ocrx_word' id='word_1_59' title='bbox 431 927 559 992; x_wconf 83' lang='lat' dir='ltr'><strong>eeclesiis</strong></span> <span class='ocrx_word' id='word_1_60' title='bbox 571 925 720 999; x_wconf 81' lang='lat' dir='ltr'><strong>Orientis,</strong></span> <span class='ocrx_word' id='word_1_61' title='bbox 730 925 783 989; x_wconf 86' lang='lat' dir='ltr'><strong>scd</strong></span> <span class='ocrx_word' id='word_1_62' title='bbox 796 925 833 988; x_wconf 83' lang='lat' dir='ltr'><strong>at</strong></span> <span class='ocrx_word' id='word_1_63' title='bbox 849 926 987 992; x_wconf 79' lang='lat' dir='ltr'><strong>omnihus</strong></span> <span class='ocrx_word' id='word_1_64' title='bbox 1002 940 1083 993; x_wconf 83' lang='lat' dir='ltr'><strong>retro</strong></span> <span class='ocrx_word' id='word_1_65' title='bbox 1099 922 1303 996; x_wconf 68' lang='lat' dir='ltr'><strong>ecchsiesticis</strong></span> <span class='ocrx_word' id='word_1_66' title='bbox 1312 935 1405 1017; x_wconf 81' lang='lat' dir='ltr'><strong>preci</strong></span> 
     </span>
     <span class='ocr_line' id='line_1_8' title="bbox 269 1027 1400 1119; baseline 0.005 -25"><span class='ocrx_word' id='word_1_67' title='bbox 269 1033 416 1094; x_wconf 74' lang='lat' dir='ltr'><strong>aerisonis</strong></span> <span class='ocrx_word' id='word_1_68' title='bbox 439 1029 647 1114; x_wconf 81' lang='lat' dir='ltr'><strong>scriptoribus,</strong></span> <span class='ocrx_word' id='word_1_69' title='bbox 672 1031 762 1114; x_wconf 88' lang='lat' dir='ltr'><strong>quasi</strong></span> <span class='ocrx_word' id='word_1_70' title='bbox 785 1027 883 1092; x_wconf 82' lang='lat' dir='ltr'><strong>Pauli</strong></span> <span class='ocrx_word' id='word_1_71' title='bbox 906 1031 1047 1116; x_wconf 78' lang='lat' dir='ltr'><strong>Apostoli</strong></span> <span class='ocrx_word' id='word_1_72' title='bbox 1068 1036 1192 1119; x_wconf 65' lang='lat' dir='ltr'><strong>serapi,</strong></span> <span class='ocrx_word' id='word_1_73' title='bbox 1219 1033 1293 1100; x_wconf 90' lang='lat' dir='ltr'><strong>licet</strong></span> <span class='ocrx_word' id='word_1_74' title='bbox 1328 1057 1400 1100; x_wconf 88' lang='lat' dir='ltr'><strong>eam</strong></span> 
     </span>
     <span class='ocr_line' id='line_1_9' title="bbox 267 1131 1402 1218; baseline 0.004 -22"><span class='ocrx_word' id='word_1_75' title='bbox 267 1134 414 1218; x_wconf 84' lang='lat' dir='ltr'><strong>plerique</strong></span> <span class='ocrx_word' id='word_1_76' title='bbox 430 1133 483 1196; x_wconf 80' lang='lat' dir='ltr'><strong>vel</strong></span> <span class='ocrx_word' id='word_1_77' title='bbox 495 1131 653 1196; x_wconf 84' lang='lat' dir='ltr'><strong>Barnabae</strong></span> <span class='ocrx_word' id='word_1_78' title='bbox 665 1132 717 1196; x_wconf 84' lang='lat' dir='ltr'><strong>vel</strong></span> <span class='ocrx_word' id='word_1_79' title='bbox 729 1131 900 1195; x_wconf 87' lang='lat' dir='ltr'><strong>Clementis</strong></span> <span class='ocrx_word' id='word_1_80' title='bbox 911 1131 1110 1198; x_wconf 81' lang='lat' dir='ltr'><strong>arbitrentur</strong></span> <span class='ocrx_word' id='word_1_81' title='bbox 1127 1158 1135 1198; x_wconf 75' lang='grc' dir='ltr'><strong><em>ε</em></strong></span> <span class='ocrx_word' id='word_1_82' title='bbox 1155 1145 1186 1199; x_wconf 91' lang='lat' dir='ltr'><strong>et</strong></span> <span class='ocrx_word' id='word_1_83' title='bbox 1205 1136 1285 1199; x_wconf 88' lang='lat' dir='ltr'><strong>nibil</strong></span> <span class='ocrx_word' id='word_1_84' title='bbox 1299 1137 1402 1200; x_wconf 86' lang='lat' dir='ltr'><strong>inter-</strong></span> 
     </span>
     <span class='ocr_line' id='line_1_10' title="bbox 268 1235 1401 1325; baseline 0.004 -26"><span class='ocrx_word' id='word_1_85' title='bbox 268 1257 335 1300; x_wconf 87' lang='lat' dir='ltr'><strong>esse</strong></span> <span class='ocrx_word' id='word_1_86' title='bbox 348 1235 440 1322; x_wconf 88' lang='lat' dir='ltr'><strong>cujus</strong></span> <span class='ocrx_word' id='word_1_87' title='bbox 452 1236 503 1319; x_wconf 88' lang='lat' dir='ltr'><strong>sit,</strong></span> <span class='ocrx_word' id='word_1_88' title='bbox 521 1257 621 1322; x_wconf 90' lang='lat' dir='ltr'><strong>quum</strong></span> <span class='ocrx_word' id='word_1_89' title='bbox 635 1236 839 1301; x_wconf 89' lang='lat' dir='ltr'><strong>ecclesiastici</strong></span> <span class='ocrx_word' id='word_1_90' title='bbox 854 1236 914 1300; x_wconf 84' lang='lat' dir='ltr'><strong>viri</strong></span> <span class='ocrx_word' id='word_1_91' title='bbox 927 1237 977 1320; x_wconf 89' lang='lat' dir='ltr'><strong>sit,</strong></span> <span class='ocrx_word' id='word_1_92' title='bbox 993 1247 1024 1301; x_wconf 90' lang='lat' dir='ltr'><strong>ct</strong></span> <span class='ocrx_word' id='word_1_93' title='bbox 1037 1238 1179 1325; x_wconf 88' lang='lat' dir='ltr'><strong>quotidie</strong></span> <span class='ocrx_word' id='word_1_94' title='bbox 1192 1240 1401 1305; x_wconf 88' lang='lat' dir='ltr'><strong>ecclesiarum</strong></span> 
     </span>
     <span class='ocr_line' id='line_1_11' title="bbox 268 1338 1403 1419; baseline 0.005 -18"><span class='ocrx_word' id='word_1_95' title='bbox 268 1339 404 1405; x_wconf 90' lang='lat' dir='ltr'><strong>lectione</strong></span> <span class='ocrx_word' id='word_1_96' title='bbox 429 1339 620 1404; x_wconf 87' lang='lat' dir='ltr'><strong>celebretur.</strong></span> <span class='ocrx_word' id='word_1_97' title='bbox 649 1338 744 1419; x_wconf 84' lang='lat' dir='ltr'><strong>Quod</strong></span> <span class='ocrx_word' id='word_1_98' title='bbox 768 1340 793 1403; x_wconf 89' lang='lat' dir='ltr'><strong>si</strong></span> <span class='ocrx_word' id='word_1_99' title='bbox 817 1360 889 1403; x_wconf 90' lang='lat' dir='ltr'><strong>eam</strong></span> <span class='ocrx_word' id='word_1_100' title='bbox 914 1341 1100 1406; x_wconf 88' lang='lat' dir='ltr'><strong>Latinorum</strong></span> <span class='ocrx_word' id='word_1_101' title='bbox 1119 1342 1316 1407; x_wconf 89' lang='lat' dir='ltr'><strong>consuetudo</strong></span> <span class='ocrx_word' id='word_1_102' title='bbox 1337 1364 1403 1407; x_wconf 89' lang='lat' dir='ltr'><strong>non</strong></span> 
     </span>
     <span class='ocr_line' id='line_1_12' title="bbox 268 1443 1402 1532; baseline 0.004 -26"><span class='ocrx_word' id='word_1_103' title='bbox 268 1443 381 1528; x_wconf 90' lang='lat' dir='ltr'><strong>recipit</strong></span> <span class='ocrx_word' id='word_1_104' title='bbox 404 1443 487 1506; x_wconf 90' lang='lat' dir='ltr'><strong>inter</strong></span> <span class='ocrx_word' id='word_1_105' title='bbox 510 1443 689 1527; x_wconf 88' lang='lat' dir='ltr'><strong>Scripturas</strong></span> <span class='ocrx_word' id='word_1_106' title='bbox 713 1443 909 1521; x_wconf 87' lang='lat' dir='ltr'><strong>canonicas,</strong></span> <span class='ocrx_word' id='word_1_107' title='bbox 949 1464 1014 1509; x_wconf 68' lang='lat' dir='ltr'><strong>nec,</strong></span> <span class='ocrx_word' id='word_1_108' title='bbox 1045 1443 1230 1509; x_wconf 78' lang='lat' dir='ltr'><strong>Graecorum</strong></span> <span class='ocrx_word' id='word_1_109' title='bbox 1268 1444 1402 1532; x_wconf 90' lang='lat' dir='ltr'><strong>quidem</strong></span> 
     </span>
     <span class='ocr_line' id='line_1_13' title="bbox 268 1543 1403 1633; baseline 0.004 -25"><span class='ocrx_word' id='word_1_110' title='bbox 268 1544 410 1625; x_wconf 76' lang='lat' dir='ltr'><strong>eeclesiae</strong></span> <span class='ocrx_word' id='word_1_111' title='bbox 433 1544 648 1629; x_wconf 84' lang='lat' dir='ltr'><strong>Apocalypsin</strong></span> <span class='ocrx_word' id='word_1_112' title='bbox 669 1544 801 1608; x_wconf 85' lang='lat' dir='ltr'><strong>loannis</strong></span> <span class='ocrx_word' id='word_1_113' title='bbox 835 1543 950 1609; x_wconf 88' lang='lat' dir='ltr'><strong>eadem</strong></span> <span class='ocrx_word' id='word_1_114' title='bbox 985 1545 1132 1611; x_wconf 89' lang='lat' dir='ltr'><strong>libertato</strong></span> <span class='ocrx_word' id='word_1_115' title='bbox 1155 1548 1343 1633; x_wconf 89' lang='lat' dir='ltr'><strong>suscipiunt,</strong></span> <span class='ocrx_word' id='word_1_116' title='bbox 1370 1558 1403 1612; x_wconf 91' lang='lat' dir='ltr'><strong>et</strong></span> 
     </span>
     <span class='ocr_line' id='line_1_14' title="bbox 268 1648 1401 1735; baseline 0.004 -25"><span class='ocrx_word' id='word_1_117' title='bbox 268 1656 376 1711; x_wconf 90' lang='lat' dir='ltr'><strong>tamen</strong></span> <span class='ocrx_word' id='word_1_118' title='bbox 401 1667 459 1711; x_wconf 89' lang='lat' dir='ltr'><strong>nos</strong></span> <span class='ocrx_word' id='word_1_119' title='bbox 481 1659 643 1733; x_wconf 83' lang='lat' dir='ltr'><strong>utrumque</strong></span> <span class='ocrx_word' id='word_1_120' title='bbox 665 1650 870 1731; x_wconf 85' lang='lat' dir='ltr'><strong>suscipimus,</strong></span> <span class='ocrx_word' id='word_1_121' title='bbox 901 1669 1095 1735; x_wconf 82' lang='lat' dir='ltr'><strong>nequequam</strong></span> <span class='ocrx_word' id='word_1_122' title='bbox 1128 1648 1220 1733; x_wconf 85' lang='lat' dir='ltr'><strong>hujus</strong></span> <span class='ocrx_word' id='word_1_123' title='bbox 1257 1654 1401 1735; x_wconf 74' lang='lat' dir='ltr'><strong>temporis</strong></span> 
     </span>
    </p>
   </div>
   <div class='ocr_carea' id='block_1_3' title="bbox 259 1750 1519 1838">
    <p class='ocr_par' dir='ltr' id='par_1_3' title="bbox 259 1750 1519 1838">
     <span class='ocr_line' id='line_1_15' title="bbox 259 1750 1519 1838; baseline 0.006 -27"><span class='ocrx_word' id='word_1_124' title='bbox 259 1750 521 1823; x_wconf 67' lang='lat' dir='ltr'><strong>&#39;corssuetttdincrru</strong></span> <span class='ocrx_word' id='word_1_125' title='bbox 544 1750 596 1814; x_wconf 83' lang='lat' dir='ltr'><strong>sed</strong></span> <span class='ocrx_word' id='word_1_126' title='bbox 619 1761 751 1813; x_wconf 72' lang='lat' dir='ltr'><strong>ortuum</strong></span> <span class='ocrx_word' id='word_1_127' title='bbox 774 1752 957 1835; x_wconf 85' lang='lat' dir='ltr'><strong>scriptorum</strong></span> <span class='ocrx_word' id='word_1_128' title='bbox 981 1754 1189 1815; x_wconf 82' lang='lat' dir='ltr'><strong>auctoritatem</strong></span> <span class='ocrx_word' id='word_1_129' title='bbox 1223 1764 1400 1838; x_wconf 84' lang='lat' dir='ltr'><strong>sequentes,</strong></span> <span class='ocrx_word' id='word_1_130' title='bbox 1514 1762 1519 1765; x_wconf 83' lang='lat'>&#39;</span> 
     </span>
    </p>
   </div>
   <div class='ocr_carea' id='block_1_4' title="bbox 235 1851 1405 3992">
    <p class='ocr_par' dir='ltr' id='par_1_4' title="bbox 268 1851 1401 2041">
     <span class='ocr_line' id='line_1_16' title="bbox 269 1851 1401 1938; baseline 0.003 -22"><span class='ocrx_word' id='word_1_131' title='bbox 269 1855 324 1937; x_wconf 86' lang='lat' dir='ltr'><strong>qui</strong></span> <span class='ocrx_word' id='word_1_132' title='bbox 343 1852 522 1938; x_wconf 72' lang='lat' dir='ltr'><strong>ploransque</strong></span> <span class='ocrx_word' id='word_1_133' title='bbox 545 1855 704 1937; x_wconf 79' lang='lat' dir='ltr'><strong>utriusque</strong></span> <span class='ocrx_word' id='word_1_134' title='bbox 723 1851 889 1915; x_wconf 79' lang='lat' dir='ltr'><strong>abutuntur</strong></span> <span class='ocrx_word' id='word_1_135' title='bbox 908 1856 1097 1927; x_wconf 82' lang='lat' dir='ltr'><strong>testimoniis,</strong></span> <span class='ocrx_word' id='word_1_136' title='bbox 1115 1875 1177 1918; x_wconf 81' lang='lat' dir='ltr'><strong>non</strong></span> <span class='ocrx_word' id='word_1_137' title='bbox 1198 1866 1231 1918; x_wconf 86' lang='lat' dir='ltr'><strong>ut</strong></span> <span class='ocrx_word' id='word_1_138' title='bbox 1249 1856 1401 1919; x_wconf 77' lang='lat' dir='ltr'><strong>interdum</strong></span> 
     </span>
     <span class='ocr_line' id='line_1_17' title="bbox 268 1952 1152 2041; baseline -0.003 -24"><span class='ocrx_word' id='word_1_139' title='bbox 268 1955 304 2017; x_wconf 74' lang='lat' dir='ltr'><strong>sle</strong></span> <span class='ocrx_word' id='word_1_140' title='bbox 318 1954 501 2041; x_wconf 68' lang='lat' dir='ltr'><strong>apocryphis</strong></span> <span class='ocrx_word' id='word_1_141' title='bbox 522 1955 622 2039; x_wconf 72' lang='lat' dir='ltr'><strong>furere</strong></span> <span class='ocrx_word' id='word_1_142' title='bbox 645 1952 752 2030; x_wconf 86' lang='lat' dir='ltr'><strong>solent,</strong></span> <span class='ocrx_word' id='word_1_143' title='bbox 778 1954 831 2018; x_wconf 89' lang='lat' dir='ltr'><strong>sed</strong></span> <span class='ocrx_word' id='word_1_144' title='bbox 848 1957 938 2040; x_wconf 84' lang='lat' dir='ltr'><strong>quusi</strong></span> <span class='ocrx_word' id='word_1_145' title='bbox 956 1957 1119 2018; x_wconf 81' lang='lat' dir='ltr'><strong>canonicis.</strong></span> <span class='ocrx_word' id='word_1_146' title='bbox 1137 1981 1152 2015; x_wconf 80' lang='lat' dir='ltr'><strong>s</strong></span> 
     </span>
    </p>

    <p class='ocr_par' dir='ltr' id='par_1_5' title="bbox 235 2055 1404 2968">
     <span class='ocr_line' id='line_1_18' title="bbox 235 2055 1401 2142; baseline 0.002 -23"><span class='ocrx_word' id='word_1_147' title='bbox 235 2119 238 2126; x_wconf 83' lang='grc'><strong>,</strong></span> <span class='ocrx_word' id='word_1_148' title='bbox 314 2058 367 2122; x_wconf 83' lang='grc'><strong>16.</strong></span> <span class='ocrx_word' id='word_1_149' title='bbox 394 2058 426 2120; x_wconf 89' lang='lat' dir='ltr'><strong>S.</strong></span> <span class='ocrx_word' id='word_1_150' title='bbox 452 2057 648 2142; x_wconf 76' lang='lat' dir='ltr'><strong>Augustinus</strong></span> <span class='ocrx_word' id='word_1_151' title='bbox 672 2057 851 2141; x_wconf 82' lang='lat' dir='ltr'><strong>expressius</strong></span> <span class='ocrx_word' id='word_1_152' title='bbox 873 2055 982 2120; x_wconf 90' lang='lat' dir='ltr'><strong>adhuc</strong></span> <span class='ocrx_word' id='word_1_153' title='bbox 1004 2058 1179 2142; x_wconf 86' lang='lat' dir='ltr'><strong>Epistulam</strong></span> <span class='ocrx_word' id='word_1_154' title='bbox 1200 2058 1241 2121; x_wconf 84' lang='lat' dir='ltr'><strong>nd</strong></span> <span class='ocrx_word' id='word_1_155' title='bbox 1256 2057 1401 2122; x_wconf 82' lang='lat' dir='ltr'><strong>Hebraeos</strong></span> 
     </span>
     <span class='ocr_line' id='line_1_19' title="bbox 269 2156 1401 2244; baseline -0.001 -20"><span class='ocrx_word' id='word_1_156' title='bbox 269 2161 458 2224; x_wconf 82' lang='lat' dir='ltr'><strong>carsomcam</strong></span> <span class='ocrx_word' id='word_1_157' title='bbox 480 2158 636 2242; x_wconf 84' lang='lat' dir='ltr'><strong>declarat,</strong></span> <span class='ocrx_word' id='word_1_158' title='bbox 651 2161 725 2223; x_wconf 88' lang='lat' dir='ltr'><strong>licet</strong></span> <span class='ocrx_word' id='word_1_159' title='bbox 740 2169 771 2222; x_wconf 92' lang='lat' dir='ltr'><strong>ct</strong></span> <span class='ocrx_word' id='word_1_160' title='bbox 783 2160 850 2244; x_wconf 88' lang='lat' dir='ltr'><strong>ipse</strong></span> <span class='ocrx_word' id='word_1_161' title='bbox 862 2160 1012 2224; x_wconf 86' lang='lat' dir='ltr'><strong>observet</strong></span> <span class='ocrx_word' id='word_1_162' title='bbox 1027 2181 1099 2225; x_wconf 88' lang='lat' dir='ltr'><strong>eam</strong></span> <span class='ocrx_word' id='word_1_163' title='bbox 1116 2156 1279 2225; x_wconf 88' lang='lat' dir='ltr'><strong>nonnullis</strong></span> <span class='ocrx_word' id='word_1_164' title='bbox 1293 2162 1401 2225; x_wconf 90' lang='lat' dir='ltr'><strong>ineer-</strong></span> 
     </span>
     <span class='ocr_line' id='line_1_20' title="bbox 269 2262 1403 2350; baseline 0 -25"><span class='ocrx_word' id='word_1_165' title='bbox 269 2272 336 2326; x_wconf 91' lang='lat' dir='ltr'><strong>tam</strong></span> <span class='ocrx_word' id='word_1_166' title='bbox 357 2284 436 2327; x_wconf 90' lang='lat' dir='ltr'><strong>esse.</strong></span> <span class='ocrx_word' id='word_1_167' title='bbox 460 2287 475 2321; x_wconf 76' lang='lat' dir='ltr'><strong>a</strong></span> <span class='ocrx_word' id='word_1_168' title='bbox 498 2263 549 2326; x_wconf 78' lang='lat' dir='ltr'><strong>Aa</strong></span> <span class='ocrx_word' id='word_1_169' title='bbox 568 2262 709 2326; x_wconf 85' lang='lat' dir='ltr'><strong>Hshraeos</strong></span> <span class='ocrx_word' id='word_1_170' title='bbox 728 2263 881 2346; x_wconf 83' lang='lat' dir='ltr'><strong>Epistola,</strong></span> <span class='ocrx_word' id='word_1_171' title='bbox 902 2264 1006 2348; x_wconf 92' lang='lat' dir='ltr'><strong>inquit</strong></span> <span class='ocrx_word' id='word_1_172' title='bbox 1022 2264 1083 2350; x_wconf 89' lang='lat' dir='ltr'><strong>(l),</strong></span> <span class='ocrx_word' id='word_1_173' title='bbox 1104 2283 1291 2350; x_wconf 86' lang='lat' dir='ltr'><strong>quanquam</strong></span> <span class='ocrx_word' id='word_1_174' title='bbox 1315 2284 1403 2326; x_wconf 90' lang='lat' dir='ltr'><strong>non-</strong></span> 
     </span>
     <span class='ocr_line' id='line_1_21' title="bbox 267 2366 1402 2451; baseline -0.001 -22"><span class='ocrx_word' id='word_1_175' title='bbox 267 2366 363 2430; x_wconf 90' lang='lat' dir='ltr'><strong>nullis</strong></span> <span class='ocrx_word' id='word_1_176' title='bbox 387 2367 509 2431; x_wconf 89' lang='lat' dir='ltr'><strong>incorta</strong></span> <span class='ocrx_word' id='word_1_177' title='bbox 533 2367 626 2430; x_wconf 77' lang='lat' dir='ltr'><strong>sit...</strong></span> <span class='ocrx_word' id='word_1_178' title='bbox 649 2368 752 2451; x_wconf 77' lang='lat' dir='ltr'><strong>magis</strong></span> <span class='ocrx_word' id='word_1_179' title='bbox 774 2376 957 2432; x_wconf 77' lang='lat' dir='ltr'><strong>memoret</strong></span> <span class='ocrx_word' id='word_1_180' title='bbox 979 2369 1153 2432; x_wconf 87' lang='lat' dir='ltr'><strong>auctoritas</strong></span> <span class='ocrx_word' id='word_1_181' title='bbox 1187 2367 1402 2432; x_wconf 87' lang='lat' dir='ltr'><strong>ecclesiarum</strong></span> 
     </span>
     <span class='ocr_line' id='line_1_22' title="bbox 265 2460 1403 2554; baseline 0 -23"><span class='ocrx_word' id='word_1_182' title='bbox 265 2469 487 2550; x_wconf 87' lang='lat' dir='ltr'><strong>Orientalium,</strong></span> <span class='ocrx_word' id='word_1_183' title='bbox 508 2490 579 2554; x_wconf 83' lang='lat' dir='ltr'><strong>quae</strong></span> <span class='ocrx_word' id='word_1_184' title='bbox 591 2469 677 2533; x_wconf 89' lang='lat' dir='ltr'><strong>hanc</strong></span> <span class='ocrx_word' id='word_1_185' title='bbox 694 2490 824 2554; x_wconf 88' lang='lat' dir='ltr'><strong>quoque</strong></span> <span class='ocrx_word' id='word_1_186' title='bbox 837 2471 870 2533; x_wconf 92' lang='lat' dir='ltr'><strong>in</strong></span> <span class='ocrx_word' id='word_1_187' title='bbox 885 2470 1046 2534; x_wconf 86' lang='lat' dir='ltr'><strong>canonicis</strong></span> <span class='ocrx_word' id='word_1_188' title='bbox 1068 2470 1198 2535; x_wconf 86' lang='lat' dir='ltr'><strong>babent.</strong></span> <span class='ocrx_word' id='word_1_189' title='bbox 1212 2460 1232 2531; x_wconf 46' lang='lat' dir='ltr'><strong>&#39;n</strong></span> <span class='ocrx_word' id='word_1_190' title='bbox 1252 2471 1289 2533; x_wconf 91' lang='lat' dir='ltr'><strong>In</strong></span> <span class='ocrx_word' id='word_1_191' title='bbox 1309 2468 1403 2533; x_wconf 88' lang='lat' dir='ltr'><strong>libris</strong></span> 
     </span>
     <span class='ocr_line' id='line_1_23' title="bbox 267 2570 1403 2658; baseline 0 -24"><span class='ocrx_word' id='word_1_192' title='bbox 267 2579 377 2634; x_wconf 89' lang='lat' dir='ltr'><strong>autem</strong></span> <span class='ocrx_word' id='word_1_193' title='bbox 394 2572 443 2658; x_wconf 85' lang='lat' dir='ltr'><strong>¹Do</strong></span> <span class='ocrx_word' id='word_1_194' title='bbox 457 2571 594 2634; x_wconf 63' lang='lat' dir='ltr'><strong>menites</strong></span> <span class='ocrx_word' id='word_1_195' title='bbox 613 2570 780 2635; x_wconf 71' lang='lat' dir='ltr'><strong>christinus</strong></span> <span class='ocrx_word' id='word_1_196' title='bbox 799 2572 854 2657; x_wconf 84' lang='lat'><strong>(11,</strong></span> <span class='ocrx_word' id='word_1_197' title='bbox 876 2570 910 2656; x_wconf 85' lang='lat'><strong>8)</strong></span> <span class='ocrx_word' id='word_1_198' title='bbox 934 2571 967 2635; x_wconf 90' lang='lat' dir='ltr'><strong>S.</strong></span> <span class='ocrx_word' id='word_1_199' title='bbox 993 2571 1112 2636; x_wconf 89' lang='lat' dir='ltr'><strong>Doctor</strong></span> <span class='ocrx_word' id='word_1_200' title='bbox 1134 2570 1321 2658; x_wconf 87' lang='lat' dir='ltr'><strong>simpliciter</strong></span> <span class='ocrx_word' id='word_1_201' title='bbox 1344 2591 1403 2634; x_wconf 92' lang='lat' dir='ltr'><strong>re-</strong></span> 
     </span>
     <span class='ocr_line' id='line_1_24' title="bbox 273 2674 1403 2760; baseline -0.002 -20"><span class='ocrx_word' id='word_1_202' title='bbox 273 2685 385 2741; x_wconf 88' lang='lat' dir='ltr'><strong>censet</strong></span> <span class='ocrx_word' id='word_1_203' title='bbox 403 2675 578 2760; x_wconf 86' lang='lat' dir='ltr'><strong>Epistolam</strong></span> <span class='ocrx_word' id='word_1_204' title='bbox 595 2675 636 2737; x_wconf 76' lang='lat' dir='ltr'><strong>aul</strong></span> <span class='ocrx_word' id='word_1_205' title='bbox 651 2674 792 2739; x_wconf 78' lang='lat' dir='ltr'><strong>Hebrcos</strong></span> <span class='ocrx_word' id='word_1_206' title='bbox 810 2675 892 2740; x_wconf 90' lang='lat' dir='ltr'><strong>inter</strong></span> <span class='ocrx_word' id='word_1_207' title='bbox 911 2676 1067 2760; x_wconf 86' lang='lat' dir='ltr'><strong>Epistulas</strong></span> <span class='ocrx_word' id='word_1_208' title='bbox 1090 2675 1123 2739; x_wconf 85' lang='lat' dir='ltr'><strong>S.</strong></span> <span class='ocrx_word' id='word_1_209' title='bbox 1149 2676 1240 2740; x_wconf 91' lang='lat' dir='ltr'><strong>Pauli</strong></span> <span class='ocrx_word' id='word_1_210' title='bbox 1265 2696 1403 2760; x_wconf 89' lang='lat' dir='ltr'><strong>eamque</strong></span> 
     </span>
     <span class='ocr_line' id='line_1_25' title="bbox 267 2776 1404 2865; baseline -0.004 -22"><span class='ocrx_word' id='word_1_211' title='bbox 267 2779 438 2865; x_wconf 88' lang='lat' dir='ltr'><strong>Scriptnris</strong></span> <span class='ocrx_word' id='word_1_212' title='bbox 456 2777 618 2842; x_wconf 90' lang='lat' dir='ltr'><strong>canonicis</strong></span> <span class='ocrx_word' id='word_1_213' title='bbox 638 2786 842 2862; x_wconf 88' lang='lat' dir='ltr'><strong>annumerat,</strong></span> <span class='ocrx_word' id='word_1_214' title='bbox 862 2777 951 2841; x_wconf 88' lang='lat' dir='ltr'><strong>nulla</strong></span> <span class='ocrx_word' id='word_1_215' title='bbox 972 2778 1056 2842; x_wconf 84' lang='lat' dir='ltr'><strong>lacta</strong></span> <span class='ocrx_word' id='word_1_216' title='bbox 1075 2776 1292 2842; x_wconf 87' lang='lat' dir='ltr'><strong>dubitantium</strong></span> <span class='ocrx_word' id='word_1_217' title='bbox 1304 2797 1404 2863; x_wconf 86' lang='lat' dir='ltr'><strong>men-</strong></span> 
     </span>
     <span class='ocr_line' id='line_1_26' title="bbox 269 2879 1331 2968; baseline -0.003 -23"><span class='ocrx_word' id='word_1_218' title='bbox 269 2882 366 2965; x_wconf 86' lang='lat' dir='ltr'><strong>tione,</strong></span> <span class='ocrx_word' id='word_1_219' title='bbox 389 2890 420 2945; x_wconf 91' lang='lat' dir='ltr'><strong>et</strong></span> <span class='ocrx_word' id='word_1_220' title='bbox 435 2890 591 2968; x_wconf 86' lang='lat' dir='ltr'><strong>tanquam</strong></span> <span class='ocrx_word' id='word_1_221' title='bbox 608 2881 798 2945; x_wconf 88' lang='lat' dir='ltr'><strong>canonicam</strong></span> <span class='ocrx_word' id='word_1_222' title='bbox 810 2882 843 2945; x_wconf 91' lang='lat' dir='ltr'><strong>in</strong></span> <span class='ocrx_word' id='word_1_223' title='bbox 859 2881 956 2946; x_wconf 83' lang='lat' dir='ltr'><strong>variis</strong></span> <span class='ocrx_word' id='word_1_224' title='bbox 970 2881 1035 2945; x_wconf 90' lang='lat' dir='ltr'><strong>suis</strong></span> <span class='ocrx_word' id='word_1_225' title='bbox 1047 2881 1172 2966; x_wconf 87' lang='lat' dir='ltr'><strong>scriptis</strong></span> <span class='ocrx_word' id='word_1_226' title='bbox 1188 2879 1331 2945; x_wconf 88' lang='lat' dir='ltr'><strong>adhibet.</strong></span> 
     </span>
    </p>

    <p class='ocr_par' dir='ltr' id='par_1_6' title="bbox 239 2980 1405 3992">
     <span class='ocr_line' id='line_1_27' title="bbox 311 2980 1402 3070; baseline -0.004 -21"><span class='ocrx_word' id='word_1_227' title='bbox 311 2986 364 3049; x_wconf 82' lang='lat'><strong>17.</strong></span> <span class='ocrx_word' id='word_1_228' title='bbox 388 2984 565 3050; x_wconf 89' lang='lat' dir='ltr'><strong>Concilium</strong></span> <span class='ocrx_word' id='word_1_229' title='bbox 587 2985 794 3070; x_wconf 89' lang='lat' dir='ltr'><strong>Hipponensc</strong></span> <span class='ocrx_word' id='word_1_230' title='bbox 812 2986 889 3048; x_wconf 91' lang='lat' dir='ltr'><strong>anni</strong></span> <span class='ocrx_word' id='word_1_231' title='bbox 909 2985 985 3066; x_wconf 92' lang='grc'><strong>595,</strong></span> <span class='ocrx_word' id='word_1_232' title='bbox 1013 3007 1085 3049; x_wconf 89' lang='lat' dir='ltr'><strong>can.</strong></span> <span class='ocrx_word' id='word_1_233' title='bbox 1109 2985 1152 3047; x_wconf 88' lang='grc'><strong>56</strong></span> <span class='ocrx_word' id='word_1_234' title='bbox 1173 2992 1205 3047; x_wconf 90' lang='lat' dir='ltr'><strong>et</strong></span> <span class='ocrx_word' id='word_1_235' title='bbox 1228 2980 1402 3048; x_wconf 89' lang='lat' dir='ltr'><strong>concilium</strong></span> 
     </span>
     <span class='ocr_line' id='line_1_28' title="bbox 266 3084 1404 3171; baseline -0.003 -21"><span class='ocrx_word' id='word_1_236' title='bbox 266 3086 513 3171; x_wconf 78' lang='lat' dir='ltr'><strong>Carthaginense</strong></span> <span class='ocrx_word' id='word_1_237' title='bbox 538 3086 613 3150; x_wconf 89' lang='lat' dir='ltr'><strong>anni</strong></span> <span class='ocrx_word' id='word_1_238' title='bbox 631 3086 707 3169; x_wconf 86' lang='grc'><strong>597,</strong></span> <span class='ocrx_word' id='word_1_239' title='bbox 725 3107 797 3151; x_wconf 90' lang='lat' dir='ltr'><strong>can.</strong></span> <span class='ocrx_word' id='word_1_240' title='bbox 816 3086 871 3168; x_wconf 77' lang='lat'><strong>47,</strong></span> <span class='ocrx_word' id='word_1_241' title='bbox 886 3086 1062 3171; x_wconf 86' lang='lat' dir='ltr'><strong>Epistolem</strong></span> <span class='ocrx_word' id='word_1_242' title='bbox 1086 3084 1127 3148; x_wconf 83' lang='lat' dir='ltr'><strong>ud</strong></span> <span class='ocrx_word' id='word_1_243' title='bbox 1140 3084 1281 3149; x_wconf 82' lang='lat' dir='ltr'><strong>Hehroeos</strong></span> <span class='ocrx_word' id='word_1_244' title='bbox 1304 3104 1404 3168; x_wconf 90' lang='lat' dir='ltr'><strong>sepa-</strong></span> 
     </span>
     <span class='ocr_line' id='line_1_29' title="bbox 239 3178 1403 3274; baseline 0.001 -25"><span class='ocrx_word' id='word_1_245' title='bbox 239 3206 242 3211; x_wconf 71' lang='grc'><em>’</em></span> <span class='ocrx_word' id='word_1_246' title='bbox 266 3189 361 3251; x_wconf 86' lang='lat' dir='ltr'><strong>ratim</strong></span> <span class='ocrx_word' id='word_1_247' title='bbox 385 3210 404 3251; x_wconf 94' lang='lat' dir='ltr'><strong>a</strong></span> <span class='ocrx_word' id='word_1_248' title='bbox 426 3189 558 3273; x_wconf 93' lang='lat' dir='ltr'><strong>reliquis</strong></span> <span class='ocrx_word' id='word_1_249' title='bbox 580 3189 671 3253; x_wconf 90' lang='lat' dir='ltr'><strong>Pauli</strong></span> <span class='ocrx_word' id='word_1_250' title='bbox 685 3178 833 3274; x_wconf 86' lang='lat' dir='ltr'><strong>Epistolis</strong></span> <span class='ocrx_word' id='word_1_251' title='bbox 847 3200 1026 3272; x_wconf 89' lang='lat' dir='ltr'><strong>recensent,</strong></span> <span class='ocrx_word' id='word_1_252' title='bbox 1044 3209 1116 3254; x_wconf 82' lang='lat' dir='ltr'><strong>earn</strong></span> <span class='ocrx_word' id='word_1_253' title='bbox 1130 3197 1238 3252; x_wconf 89' lang='lat' dir='ltr'><strong>tamen</strong></span> <span class='ocrx_word' id='word_1_254' title='bbox 1256 3196 1288 3251; x_wconf 88' lang='lat' dir='ltr'><strong>et</strong></span> <span class='ocrx_word' id='word_1_255' title='bbox 1299 3187 1403 3251; x_wconf 89' lang='lat' dir='ltr'><strong>Panlo</strong></span> 
     </span>
     <span class='ocr_line' id='line_1_30' title="bbox 267 3287 1405 3377; baseline -0.001 -25"><span class='ocrx_word' id='word_1_256' title='bbox 267 3287 412 3354; x_wconf 91' lang='lat' dir='ltr'><strong>tribuunt</strong></span> <span class='ocrx_word' id='word_1_257' title='bbox 427 3299 466 3371; x_wconf 81' lang='lat' dir='ltr'><strong>¹et</strong></span> <span class='ocrx_word' id='word_1_258' title='bbox 490 3290 606 3355; x_wconf 90' lang='lat' dir='ltr'><strong>canoni</strong></span> <span class='ocrx_word' id='word_1_259' title='bbox 645 3291 767 3377; x_wconf 88' lang='lat' dir='ltr'><strong>absque</strong></span> <span class='ocrx_word' id='word_1_260' title='bbox 800 3292 867 3355; x_wconf 88' lang='lat' dir='ltr'><strong>ulla</strong></span> <span class='ocrx_word' id='word_1_261' title='bbox 890 3291 1087 3355; x_wconf 77' lang='lat' dir='ltr'><strong>hesitatione</strong></span> <span class='ocrx_word' id='word_1_262' title='bbox 1111 3291 1288 3354; x_wconf 87' lang='lat' dir='ltr'><strong>inserunt:</strong></span> <span class='ocrx_word' id='word_1_263' title='bbox 1322 3288 1405 3352; x_wconf 82' lang='lat' dir='ltr'><strong>Surst</strong></span> 
     </span>
     <span class='ocr_line' id='line_1_31' title="bbox 266 3389 1404 3479; baseline -0.001 -25"><span class='ocrx_word' id='word_1_264' title='bbox 266 3405 367 3457; x_wconf 84' lang='lat' dir='ltr'><strong>nutent</strong></span> <span class='ocrx_word' id='word_1_265' title='bbox 386 3392 558 3478; x_wconf 75' lang='lat' dir='ltr'><strong>Scriptura</strong></span> <span class='ocrx_word' id='word_1_266' title='bbox 578 3397 783 3459; x_wconf 70' lang='lat' dir='ltr'><strong>canonice...</strong></span> <span class='ocrx_word' id='word_1_267' title='bbox 805 3394 904 3458; x_wconf 84' lang='lat' dir='ltr'><strong>Pauli</strong></span> <span class='ocrx_word' id='word_1_268' title='bbox 923 3394 1072 3479; x_wconf 79' lang='lat' dir='ltr'><strong>Epistoloe</strong></span> <span class='ocrx_word' id='word_1_269' title='bbox 1095 3394 1245 3466; x_wconf 82' lang='lat' dir='ltr'><strong>tredecim,</strong></span> <span class='ocrx_word' id='word_1_270' title='bbox 1269 3389 1404 3475; x_wconf 83' lang='lat' dir='ltr'><strong>ejusdem</strong></span> 
     </span>
     <span class='ocr_line' id='line_1_32' title="bbox 266 3492 1404 3582; baseline -0.005 -21"><span class='ocrx_word' id='word_1_271' title='bbox 266 3496 306 3561; x_wconf 87' lang='lat' dir='ltr'><strong>od</strong></span> <span class='ocrx_word' id='word_1_272' title='bbox 332 3495 473 3559; x_wconf 84' lang='lat' dir='ltr'><strong>Hehroeos</strong></span> <span class='ocrx_word' id='word_1_273' title='bbox 507 3519 581 3560; x_wconf 87' lang='lat' dir='ltr'><strong>una.</strong></span> <span class='ocrx_word' id='word_1_274' title='bbox 619 3495 711 3560; x_wconf 88' lang='lat' dir='ltr'><strong>Hanc</strong></span> <span class='ocrx_word' id='word_1_275' title='bbox 746 3498 872 3561; x_wconf 90' lang='lat' dir='ltr'><strong>concilii</strong></span> <span class='ocrx_word' id='word_1_276' title='bbox 910 3496 1170 3582; x_wconf 71' lang='lat' dir='ltr'><strong>carthaginensis</strong></span> <span class='ocrx_word' id='word_1_277' title='bbox 1204 3492 1404 3559; x_wconf 87' lang='lat' dir='ltr'><strong>decisionem</strong></span> 
     </span>
     <span class='ocr_line' id='line_1_33' title="bbox 267 3595 1401 3685; baseline -0.004 -22"><span class='ocrx_word' id='word_1_278' title='bbox 267 3596 461 3663; x_wconf 87' lang='lat' dir='ltr'><strong>confirmans</strong></span> <span class='ocrx_word' id='word_1_279' title='bbox 474 3598 704 3664; x_wconf 81' lang='lat' dir='ltr'><strong>innocentiusl</strong></span> <span class='ocrx_word' id='word_1_280' title='bbox 720 3599 752 3662; x_wconf 92' lang='lat' dir='ltr'><strong>in</strong></span> <span class='ocrx_word' id='word_1_281' title='bbox 767 3600 906 3685; x_wconf 80' lang='lat' dir='ltr'><strong>Epistola</strong></span> <span class='ocrx_word' id='word_1_282' title='bbox 923 3599 964 3663; x_wconf 84' lang='lat' dir='ltr'><strong>ad</strong></span> <span class='ocrx_word' id='word_1_283' title='bbox 986 3601 1190 3684; x_wconf 77' lang='lat' dir='ltr'><strong>Exuperium,</strong></span> <span class='ocrx_word' id='word_1_284' title='bbox 1212 3618 1298 3661; x_wconf 88' lang='lat' dir='ltr'><strong>anno</strong></span> <span class='ocrx_word' id='word_1_285' title='bbox 1323 3595 1401 3676; x_wconf 76' lang='lat' dir='ltr'><strong>tot,</strong></span> 
     </span>
     <span class='ocr_line' id='line_1_34' title="bbox 268 3699 1404 3787; baseline -0.001 -24"><span class='ocrx_word' id='word_1_286' title='bbox 268 3722 399 3764; x_wconf 89' lang='lat' dir='ltr'><strong>omnem</strong></span> <span class='ocrx_word' id='word_1_287' title='bbox 423 3702 554 3766; x_wconf 89' lang='lat' dir='ltr'><strong>abstulit</strong></span> <span class='ocrx_word' id='word_1_288' title='bbox 577 3700 813 3767; x_wconf 90' lang='lat' dir='ltr'><strong>distinctionem</strong></span> <span class='ocrx_word' id='word_1_289' title='bbox 836 3703 1023 3787; x_wconf 88' lang='lat' dir='ltr'><strong>simpliciter</strong></span> <span class='ocrx_word' id='word_1_290' title='bbox 1046 3699 1184 3766; x_wconf 92' lang='lat' dir='ltr'><strong>dicendo</strong></span> <span class='ocrx_word' id='word_1_291' title='bbox 1201 3724 1209 3763; x_wconf 72' lang='grc' dir='ltr'><strong>ε</strong></span> <span class='ocrx_word' id='word_1_292' title='bbox 1226 3699 1404 3785; x_wconf 89' lang='lat' dir='ltr'><strong>«Apostoli</strong></span> 
     </span>
     <span class='ocr_line' id='line_1_35' title="bbox 270 3802 1404 3892; baseline -0.002 -25"><span class='ocrx_word' id='word_1_293' title='bbox 270 3805 359 3869; x_wconf 88' lang='lat' dir='ltr'><strong>Pauli</strong></span> <span class='ocrx_word' id='word_1_294' title='bbox 375 3805 522 3890; x_wconf 76' lang='lat' dir='ltr'><strong>Epistola</strong></span> <span class='ocrx_word' id='word_1_295' title='bbox 540 3804 797 3892; x_wconf 86' lang='lat' dir='ltr'><strong>quatuordecim.</strong></span> <span class='ocrx_word' id='word_1_296' title='bbox 816 3833 830 3866; x_wconf 78' lang='lat' dir='ltr'><strong>s</strong></span> <span class='ocrx_word' id='word_1_297' title='bbox 842 3805 932 3870; x_wconf 89' lang='lat' dir='ltr'><strong>Idem</strong></span> <span class='ocrx_word' id='word_1_298' title='bbox 952 3805 1059 3870; x_wconf 90' lang='lat' dir='ltr'><strong>statuit</strong></span> <span class='ocrx_word' id='word_1_299' title='bbox 1076 3805 1248 3869; x_wconf 86' lang='lat' dir='ltr'><strong>concilium</strong></span> <span class='ocrx_word' id='word_1_300' title='bbox 1263 3802 1404 3868; x_wconf 85' lang='lat' dir='ltr'><strong>Cartha-</strong></span> 
     </span>
     <span class='ocr_line' id='line_1_36' title="bbox 267 3903 1399 3992; baseline -0.004 -23"><span class='ocrx_word' id='word_1_301' title='bbox 267 3906 398 3992; x_wconf 81' lang='lat' dir='ltr'><strong>ginense</strong></span> <span class='ocrx_word' id='word_1_302' title='bbox 421 3907 497 3971; x_wconf 90' lang='lat' dir='ltr'><strong>anni</strong></span> <span class='ocrx_word' id='word_1_303' title='bbox 521 3908 596 3989; x_wconf 79' lang='lat' dir='ltr'><strong>ste,</strong></span> <span class='ocrx_word' id='word_1_304' title='bbox 622 3927 695 3971; x_wconf 87' lang='lat' dir='ltr'><strong>ean.</strong></span> <span class='ocrx_word' id='word_1_305' title='bbox 722 3908 765 3971; x_wconf 75' lang='grc'><strong>99</strong></span> <span class='ocrx_word' id='word_1_306' title='bbox 787 3906 847 3992; x_wconf 75' lang='grc'><strong>(9).</strong></span> <span class='ocrx_word' id='word_1_307' title='bbox 881 3905 972 3970; x_wconf 90' lang='lat' dir='ltr'><strong>Idem</strong></span> <span class='ocrx_word' id='word_1_308' title='bbox 996 3908 1094 3970; x_wconf 88' lang='lat' dir='ltr'><strong>etiam</strong></span> <span class='ocrx_word' id='word_1_309' title='bbox 1126 3904 1269 3970; x_wconf 86' lang='lat' dir='ltr'><strong>Gelasius</strong></span> <span class='ocrx_word' id='word_1_310' title='bbox 1297 3903 1399 3988; x_wconf 91' lang='lat' dir='ltr'><strong>Papa.</strong></span> 
     </span>
    </p>
   </div>
   <div class='ocr_carea' id='block_1_5' title="bbox 301 4186 1069 4257">
    <p class='ocr_par' dir='ltr' id='par_1_7' title="bbox 301 4186 1069 4257">
     <span class='ocr_line' id='line_1_37' title="bbox 301 4186 1069 4257; baseline -0.001 -18"><span class='ocrx_word' id='word_1_311' title='bbox 301 4187 338 4252; x_wconf 87' lang='lat' dir='ltr'><strong>(l)</strong></span> <span class='ocrx_word' id='word_1_312' title='bbox 350 4188 385 4239; x_wconf 82' lang='lat' dir='ltr'><strong>De</strong></span> <span class='ocrx_word' id='word_1_313' title='bbox 391 4193 490 4257; x_wconf 57' lang='lat' dir='ltr'><strong>pecora</strong></span> <span class='ocrx_word' id='word_1_314' title='bbox 501 4188 586 4239; x_wconf 84' lang='lat' dir='ltr'><strong>merit.</strong></span> <span class='ocrx_word' id='word_1_315' title='bbox 601 4193 624 4240; x_wconf 86' lang='lat' dir='ltr'><strong>et</strong></span> <span class='ocrx_word' id='word_1_316' title='bbox 636 4188 724 4240; x_wconf 77' lang='lat' dir='ltr'><strong>remis.</strong></span> <span class='ocrx_word' id='word_1_317' title='bbox 738 4188 757 4250; x_wconf 90' lang='lat' dir='ltr'><strong>t,</strong></span> <span class='ocrx_word' id='word_1_318' title='bbox 768 4187 811 4251; x_wconf 76' lang='lat'><strong>273</strong></span> <span class='ocrx_word' id='word_1_319' title='bbox 827 4186 879 4239; x_wconf 82' lang='lat' dir='ltr'><strong>Glr.</strong></span> <span class='ocrx_word' id='word_1_320' title='bbox 893 4186 1031 4240; x_wconf 79' lang='lat' dir='ltr'><strong>Enehtrs‘d.</strong></span> <span class='ocrx_word' id='word_1_321' title='bbox 1043 4188 1069 4238; x_wconf 87' lang='lat'><strong>8.</strong></span> 
     </span>
    </p>
   </div>
   <div class='ocr_carea' id='block_1_6' title="bbox 270 4265 1402 4412">
    <p class='ocr_par' dir='ltr' id='par_1_8' title="bbox 270 4265 1402 4412">
     <span class='ocr_line' id='line_1_38' title="bbox 300 4265 1402 4337; baseline -0.004 -16"><span class='ocrx_word' id='word_1_322' title='bbox 300 4269 335 4336; x_wconf 73' lang='lat' dir='ltr'><strong>(t)</strong></span> <span class='ocrx_word' id='word_1_323' title='bbox 352 4269 446 4320; x_wconf 87' lang='lat' dir='ltr'><strong>ttorum</strong></span> <span class='ocrx_word' id='word_1_324' title='bbox 459 4270 548 4321; x_wconf 82' lang='lat' dir='ltr'><strong>concil.</strong></span> <span class='ocrx_word' id='word_1_325' title='bbox 564 4283 672 4323; x_wconf 88' lang='lat' dir='ltr'><strong>canones</strong></span> <span class='ocrx_word' id='word_1_326' title='bbox 688 4269 745 4322; x_wconf 83' lang='lat' dir='ltr'><strong>vide</strong></span> <span class='ocrx_word' id='word_1_327' title='bbox 758 4269 785 4320; x_wconf 86' lang='lat' dir='ltr'><strong>tn</strong></span> <span class='ocrx_word' id='word_1_328' title='bbox 794 4269 894 4321; x_wconf 85' lang='lat' dir='ltr'><strong>Potrot.</strong></span> <span class='ocrx_word' id='word_1_329' title='bbox 909 4269 955 4321; x_wconf 83' lang='lat' dir='ltr'><strong>tat.</strong></span> <span class='ocrx_word' id='word_1_330' title='bbox 971 4269 1040 4321; x_wconf 90' lang='lat' dir='ltr'><strong>inter</strong></span> <span class='ocrx_word' id='word_1_331' title='bbox 1050 4282 1131 4336; x_wconf 82' lang='lat' dir='ltr'><strong>opera</strong></span> <span class='ocrx_word' id='word_1_332' title='bbox 1144 4267 1171 4337; x_wconf 84' lang='lat' dir='ltr'><strong>S.</strong></span> <span class='ocrx_word' id='word_1_333' title='bbox 1191 4269 1283 4321; x_wconf 75' lang='lat' dir='ltr'><strong>teonis</strong></span> <span class='ocrx_word' id='word_1_334' title='bbox 1295 4273 1314 4318; x_wconf 88' lang='lat' dir='ltr'><strong>t.</strong></span> <span class='ocrx_word' id='word_1_335' title='bbox 1333 4265 1402 4328; x_wconf 76' lang='lat' dir='ltr'><strong>tut,</strong></span> 
     </span>
     <span class='ocr_line' id='line_1_39' title="bbox 270 4350 536 4412; baseline -0.004 -8"><span class='ocrx_word' id='word_1_336' title='bbox 270 4353 317 4404; x_wconf 86' lang='lat' dir='ltr'><strong>cot.</strong></span> <span class='ocrx_word' id='word_1_337' title='bbox 334 4350 392 4412; x_wconf 76' lang='lat' dir='ltr'><strong>tas,</strong></span> <span class='ocrx_word' id='word_1_338' title='bbox 407 4351 464 4402; x_wconf 77' lang='lat' dir='ltr'><strong>sot.</strong></span> <span class='ocrx_word' id='word_1_339' title='bbox 477 4353 536 4403; x_wconf 81' lang='lat' dir='ltr'><strong>stt.</strong></span> 
     </span>
    </p>
   </div>
   <div class='ocr_carea' id='block_1_7' title="bbox 0 0 1574 4934">
    <p class='ocr_par' dir='ltr' id='par_1_9' title="bbox 0 0 1574 4934">
     <span class='ocr_line' id='line_1_40' title="bbox 0 0 1574 4934; baseline 0 0"><span class='ocrx_word' id='word_1_340' title='bbox 0 0 1574 4934; x_wconf 95' lang='lat' dir='ltr'><strong> </strong></span> 
     </span>
    </p>
   </div>
  </div>
 </body>
</html>
