3132 4964
443 324 518 365 rins
529 325 553 365 ι.
567 324 661 364 esrur
676 323 739 366 sur.
759 325 899 368 ostreno
912 327 1030 370 runnu.
1262 311 1298 374 91

170 425 351 510 praesertim
366 423 603 488 difficultatibus
616 424 783 506 historicis,
796 427 1016 511 geographicis
1029 437 1060 490 et
1073 429 1304 515 chronologicis

171 549 246 613 quae
260 528 290 590 in
305 528 488 590 narratione
504 526 719 589 inveniuntur.
735 526 851 592 Contra
865 550 918 592 eos
931 550 1172 616 propugnamus
1186 533 1304 598 librum

169 628 287 694 Judith
309 651 386 694 vere
410 650 477 693 csse
534 629 725 714 'storicum,
756 639 866 717 utpote
891 632 1039 697 omnibus
1062 654 1145 697 verae
1168 634 1305 698 historice

171 732 304 798 dotibus
321 630 724 818 vestitumffarrationem
741 735 861 819 quippe
878 756 954 799 vere
971 736 1155 801 historicam
1171 737 1306 802 suadent
1365 659 1506 835 adst*

171 836 412 901 accuratissima
427 855 536 898 rerum
552 843 583 897 et
595 856 805 919 personarum
816 835 987 921 descriptio
1000 847 1097 923 atque
1111 841 1256 904 locorum
1274 851 1306 904 et

172 959 335 1002 annorum
352 938 528 1002 annotatio.
546 937 598 1000 Sic
614 938 801 1023 genealogia
816 938 927 1005 Judith
943 941 1069 1021 texitur,
1086 940 1154 1026 ejus
1170 941 1306 1006 viduitas

173 1061 216 1104 ac
233 1048 306 1103 aetas
323 1038 588 1121 determinantur,
611 1040 686 1101 anni
707 1039 1029 1105 Nabuchodonosoris
1046 1054 1258 1128 supputantur
1276 1055 1307 1109 et

172 1142 429 1228 uniuscujusque
444 1151 576 1205 eventus
590 1150 716 1227 tempus
728 1152 837 1207 exacte
849 1123 1190 1233 annotatuffllraditur
1201 1148 1228 1209 N
1231 1146 1335 1211 abu-4

174 1243 431 1310 ehodonosorem
450 1265 534 1307 anno
548 1244 637 1327 regni
652 1245 699 1307 sui
715 1242 906 1309 duodecimo
923 1244 1101 1311 debellasse
1117 1247 1304 1332 Arphaxad,

173 1369 288 1434 regern
300 1347 467 1412 Medorum
480 1347 614 1431 (Jodith.
628 1348 655 1428 I,
670 1347 716 1432 5),
731 1369 816 1412 auno
832 1347 958 1413 decimo
975 1351 1066 1413 tertio
1085 1348 1137 1414 die
1153 1353 1306 1436 vigesima

174 1450 318 1516 secunda
331 1452 452 1514 misisse
470 1450 680 1514 Holofernem
704 1449 745 1514 ad
768 1450 890 1514 bellum
910 1452 965 1537 (Il,
990 1452 1078 1537 1-5),
1097 1454 1307 1519 Holofernem

174 1554 330 1617 mansisse
346 1574 403 1637 per
419 1552 547 1636 triginta
562 1550 630 1614 dies
648 1553 681 1615 in
696 1551 837 1616 Idumaea
854 1554 933 1637 (III,
954 1554 1020 1637 15),
1039 1554 1184 1639 praesidia
1203 1559 1307 1622 collo-

174 1677 267 1721 casse
283 1657 366 1719 cirea
380 1655 482 1718 fontes
498 1654 653 1717 Bethuliae
665 1675 724 1739 per
740 1653 808 1718 dies
824 1655 934 1740 viginti
954 1656 1037 1740 (Vll,
1057 1657 1124 1740 ll),
1141 1658 1307 1725 luditham

174 1771 255 1823 tunc
271 1757 401 1822 viduam
416 1758 512 1821 fuisse
526 1756 568 1821 ab
585 1759 676 1821 annis
688 1758 790 1821 tribus
802 1768 833 1821 et
848 1758 1011 1822 mensibus
1027 1780 1082 1823 sex
1097 1761 1198 1845 (VIII,
1212 1762 1258 1845 5),
1278 1771 1309 1825 ct

175 1885 255 1929 eum
278 1864 443 1927 mansisset
458 1863 491 1926 in
510 1862 608 1926 domo
628 1864 686 1926 viri
705 1864 753 1926 sui
778 1884 878 1927 annos
896 1874 1025 1928 centum
1041 1864 1184 1949 quinque
1205 1886 1222 1926 e
1243 1866 1307 1927 vita

176 1967 307 2031 cessisse
319 1966 540 2050 populumque
556 1962 669 2029 diebus
684 1975 805 2049 septem
821 1967 910 2029 illam
929 1967 1044 2029 luxisse
1060 1966 1160 2050 (XVI,
1177 1967 1304 2050 att-rut

175 2067 317 2134 Additur
339 2067 478 2153 Judaeos,
501 2071 532 2133 in
555 2071 745 2133 memoriam
770 2070 966 2134 liberationis
989 2070 1144 2134 Bethuliae
1166 2092 1224 2155 per
1247 2072 1308 2134 Ju-

175 2171 315 2254 ditham,
332 2173 501 2236 instituisse
519 2170 605 2235 diem
625 2171 754 2254 festum,
775 2193 872 2257 quern
891 2171 999 2235 adhuc
1016 2171 1224 2236 celebrabant
1244 2195 1307 2258 quo

175 2287 323 2359 tempore
336 2275 418 2339 liber
431 2275 627 2358 conscriptus
639 2275 722 2356 fuit;
743 2273 830 2359 quod
846 2275 957 2360 utique
973 2273 1102 2338 evidens
1119 2276 1246 2359 signum
1262 2285 1310 2339 est

175 2380 269 2443 illam
291 2379 445 2442 Eethuliae
470 2378 691 2443 liberationem
715 2399 847 2463 prorsus
870 2380 1025 2461 evenisse,
1050 2400 1124 2442 cum
1147 2377 1216 2442 dies
1239 2379 1309 2444 sesti

175 2502 244 2544 non
264 2482 466 2545 instituantur
482 2482 515 2544 in
527 2481 719 2545 memoriam
733 2479 868 2565 alicujus
885 2480 1032 2545 fictionis.

222 2584 256 2647 7.
275 2582 347 2668 Otj.
365 2584 497 2647 Nullum
514 2584 669 2668 assignari
686 2593 790 2667 potest
814 2594 939 2668 tempus
960 2604 1024 2668 quo
1045 2582 1113 2646 hac
1130 2591 1217 2667 gesta
1233 2583 1309 2648 fue-

175 2687 255 2767 rint,
274 2706 377 2770 neque
395 2696 467 2771 post
482 2687 711 2770 captivitatem,
731 2706 837 2770 neque
852 2686 921 2770 ipsa
940 2683 1088 2769 durante,
1108 2707 1214 2771 neque
1235 2694 1308 2749 ante

176 2788 296 2872 ipsam.
318 2788 393 2851 Post
422 2789 637 2874 captivitatem
662 2809 767 2873 neque
789 2785 1086 2851 Nabuchodonosor
1110 2789 1255 2871 regnavit
1277 2788 1307 2850 in

175 2886 293 2949 Ninive
309 2885 480 2981 destructa,
502 2909 606 2972 neque
626 2888 741 2972 aliquis
759 2886 819 2949 fuit
836 2884 1002 2949 Medorum
1027 2906 1081 2948 rex
1103 2885 1147 2948 ab
1169 2886 1237 2970 ipso
1255 2896 1311 2955 aut

175 2988 309 3074 regibus
323 2990 458 3074 Assyriae
474 3000 651 3074 superatus.
669 2989 811 3052 Durante
824 2998 932 3052 autem
951 2989 1144 3073 captivitate,
1162 2990 1310 3054 Bethulia

177 3116 247 3157 non
263 3103 330 3157 erat
346 3094 379 3156 in
396 3102 549 3178 potestate
565 3093 764 3175 Judaeorum,
786 3103 815 3156 et
831 3113 894 3177 pax
915 3092 1065 3155 diuturna
1082 3114 1146 3156 non
1167 3092 1307 3177 vigebat.

176 3197 265 3259 Ante
278 3197 493 3280 captivitatem
506 3196 612 3261 nullus
626 3195 827 3280 cognoscitur
840 3193 984 3278 pontifex
995 3193 1151 3257 Eliachim
1163 3195 1309 3278 appella·

177 3309 243 3362 tus.
264 3298 325 3378 Qui
348 3300 471 3362 etiamsi
486 3299 620 3362 inveniri
638 3306 754 3383 posset,
770 3317 829 3360 nee
847 3294 964 3359 Judaeis
985 3296 1163 3380 praefuisset
1176 3312 1237 3361 noc
1256 3304 1310 3361 eos
1380 3353 1382 3357 ,

175 3399 223 3465 ad
236 3400 447 3464 resistendum
464 3402 652 3486 impulisset,
671 3421 745 3464 cum
759 3400 819 3463 hoc
831 3420 850 3462 a
867 3419 943 3483 rege
954 3397 1038 3462 Juda
1053 3398 1121 3462 lieri
1135 3396 1306 3464 debuisset.

176 3505 341 3587 Ceterum,
361 3513 507 3568 auctores
525 3505 579 3589 qui
596 3505 762 3567 veritatem
778 3502 962 3565 historicam
975 3501 1071 3587 hujus
1088 3502 1161 3565 libri
1182 3513 1310 3567 tuentur

177 3625 387 3690 nequaquam
405 3605 599 3668 conveniunt
616 3603 676 3667 sub
694 3625 757 3689 quo
781 3623 856 3687 rege
875 3603 1007 3683 historia
1024 3602 1139 3667 Judith-
1156 3605 1313 3683 evenerit,

158 3735 159 3738 ¹
225 3709 258 3770 8.
277 3709 367 3792 Resp.
390 3708 544 3772 ductores
560 3706 704 3793 quidem,
722 3715 757 3769 ut
773 3704 921 3787 diximus,
937 3727 1001 3769 non
1019 3708 1211 3770 conveniunt
1225 3728 1310 3791 qua-

179 3830 258 3873 nam
273 3818 362 3872 aetate
383 3808 528 3873 liberatio
545 3810 699 3873 Bethuliae
715 3809 868 3889 evenerit,
887 3806 942 3871 sed
958 3830 997 3871 ex
1012 3830 1049 3871 eo
1063 3806 1149 3894 quod
1164 3817 1310 3871 auctores

179 3933 248 3975 non
272 3913 466 3976 conveniunt
489 3933 631 3997 quanam
652 3922 742 3976 aetate
755 3933 815 3975 res
833 3913 887 3975 illa
912 3913 1064 3994 evenerit,
1086 3932 1148 3974 non
1168 3911 1311 3996 sequitur

179 4035 256 4078 earn
268 4035 332 4078 non
345 4015 498 4078 evenisse.
508 4014 682 4079 Difficultas
696 4013 827 4100 quidem
842 4035 959 4099 magna
972 4015 1052 4077 inest
1064 4015 1097 4079 in
1111 4012 1311 4078 concilianda

179 4117 314 4180 historia
331 4116 482 4182 haecum
503 4118 657 4182 historicis
673 4118 827 4202 profanis,
852 4115 939 4202 apud
957 4139 1036 4202 quos
1057 4137 1121 4181 non
1140 4128 1312 4182 occurrunt

180 4240 275 4304 reges
291 4221 421 4284 nomine
437 4219 612 4307 Arphaxad
626 4231 657 4283 et
674 4218 1007 4302 Nabuchodonosoris,
1025 4241 1162 4305 quorum
1180 4221 1311 4284 historia

179 4316 354 4386 ¹conveniat
370 4343 443 4387 eum
460 4323 589 4387 historia
603 4323 724 4387 Judith.
741 4321 803 4415 Sed
820 4323 991 4387 observare
1008 4332 1131 4408 oportet
1144 4324 1311 4408 scriptores

114 4432 130 4488 1
