3132 4964
266 270 330 334 tto
493 289 693 332 rumooueno
709 287 855 332 sonemus
873 287 906 327 m
924 287 949 328 s.
965 285 1166 330 summosam.

266 386 298 448 Si
318 386 422 451 futura
440 408 459 449 a
475 387 541 451 Deo
558 386 687 471 praediei
703 409 768 451 non
785 394 916 471 possunt
932 384 1007 469 quia
1021 383 1164 448 nondum
1182 395 1313 470 exstant,
1335 408 1407 450 nee

266 488 308 552 ab
326 499 509 554 astronomo
527 491 658 575 eclipses
676 489 805 574 praediei
826 497 986 572 poterunt,
1003 489 1079 573 quia
1099 489 1174 573 ipsae
1191 491 1290 554 etiam
1309 511 1407 553 non-

267 588 345 653 dum
364 602 497 656 exstant.
580 610 583 635 ¹

247 774 250 778 1
279 674 343 791 [q
358 695 550 781 Prophetica²
566 695 755 759 revelationis
769 695 885 767 arodus,
900 693 1104 783 Multifariorn
1118 694 1281 782 multisque
1299 695 1409 759 modis

213 783 224 800 ⁸
267 793 339 858 olim
362 797 444 882 Deus
463 795 577 861 loeutus
594 809 636 861 est
653 796 790 882 patribus
808 798 841 858 in
853 794 1019 879 Prophetis
1033 795 1072 879 (I,
1084 752 1150 883 ᾗ(
1161 817 1247 859 nune
1263 795 1406 882 quidem

266 897 392 961 loeutus
414 908 461 962 est
483 920 541 993 per
558 899 705 1016 visiones
730 897 817 985 quod
834 898 935 980 Isaiae,
956 899 1124 980 Ezechieli,
1142 899 1267 962 Danieli
1284 909 1314 962 et
1331 899 1407 961 Za-

236 1017 238 1022 ‘
267 1001 384 1089 ebariae
408 1023 481 1064 non⁴
498 1003 597 1065 semel
625 1003 754 1086 contigit
784 1001 843 1086 (2),
866 1021 951 1081 nune
975 1021 1034 1087 per
1057 1000 1193 1091 somnia,
1218 1010 1253 1064 ul
1275 1000 1409 1065 Jacobo

267 1099 400 1187 ejusque
414 1101 480 1166 filio
494 1104 634 1188 Iosepho
647 1102 707 1189 (5),
722 1123 807 1166 nune
820 1102 1008 1195 angelorum
1020 1102 1208 1192 ministerio,
1222 1112 1259 1165 ut
1271 1102 1407 1167 Danieli

267 1214 298 1267 et
309 1204 416 1268 Beatae
427 1205 550 1290 Virgini
567 1207 579 1291 (
603 1205 628 1290 ),
644 1227 666 1269 n
726 1253 729 1265 ,
760 1214 871 1269 aterna
889 1226 979 1286 voce,
995 1202 1158 1289 quomodo
1171 1206 1256 1268 Deus
1271 1205 1408 1269 loeutus

267 1316 314 1369 est
332 1307 429 1391 Moysi
449 1306 490 1371 de
519 1307 626 1371 modio
646 1308 718 1371 rubi
743 1306 883 1371 ardentis
905 1315 934 1370 et
954 1306 1037 1370 Jobo
1055 1305 1096 1370 de
1112 1306 1219 1371 medio
1245 1306 1339 1370 nubis
1370 1317 1406 1370 et

267 1408 408 1472 Samueli
424 1407 501 1473 dum
516 1408 696 1474 dormiebat
713 1409 773 1496 (5);
787 1410 904 1502 saepius
925 1430 1000 1473 vero
1019 1410 1143 1473 interna
1162 1409 1407 1473 illuminatione

266 1511 352 1574 Deus
363 1533 435 1576 suas
447 1515 656 1578 revelationes
668 1515 835 1600 Prophetis
848 1503 1285 1608 communicabassPeculiari
1297 1496 1406 1577 modo

171 1675 178 1685 .,
267 1614 353 1677 Deus
376 1616 472 1700 Moysi
497 1639 569 1680 suas
592 1619 771 1681 voluntates
794 1616 1007 1681 manifestavit
1037 1639 1045 1679 ε
1072 1614 1136 1681 Ore
1164 1618 1246 1678 enirn
1279 1617 1318 1679 ad
1341 1638 1403 1690 os,

195 1764 221 1809 (Ἀ
269 1714 385 1800 inquit,
424 1715 531 1802 loquor
559 1720 587 1780 ei
598 1741 613 1799 ,·
648 1731 676 1781 et
700 1717 807 1803 palam
829 1729 856 1780 et
880 1740 942 1780 uon
964 1740 1021 1802 per
1043 1719 1205 1801 oeuiqrnate
1229 1729 1256 1779 et
1278 1718 1405 1801 fiquros

267 1818 433 1882 Dominum
457 1821 536 1883 uidet
557 1820 616 1906 (6).
642 1822 688 1884 De
713 1821 782 1884 aliis
802 1830 909 1885 aulem
933 1821 1101 1905 Prophetis
1118 1821 1202 1884 Deus
1222 1820 1298 1885 dicit
1318 1820 1372 1906 (7)
1392 1844 1403 1884 ε

248 1918 305 1983 ‘St
327 1923 395 2005 qula
416 1922 512 2007 [uerit
535 1926 614 1986 inter
640 1946 692 1988 uos
714 1923 871 2009 Propheta
888 1924 1075 1985 'Durniuiin
1104 1925 1218 1986 visione
1242 1921 1403 2008 apparebo

268 2026 306 2096 ei,
329 2022 376 2086 eet
397 2046 452 2108 per
474 2028 626 2089 somnium
650 2026 758 2111 loquor
779 2025 819 2088 od
843 2002 1156 2121 illunrdffirophetiea
1179 2045 1276 2109 porro
1299 2045 1403 2086 reve-

196 2202 199 2207 ·
268 2126 344 2189 latio
365 2126 560 2211 largiebatur
578 2129 746 2213 Prophetis
769 2125 964 2214 quandoque
984 2127 1016 2189 in
1037 2147 1172 2209 somno,
1199 2124 1403 2211 quandoque

269 2249 346 2293 vero
358 2229 433 2312 ipsis
446 2231 650 2315 vigilantibus
663 2241 758 2316 atque
771 2229 947 2294 constitutis
958 2229 991 2291 in
1004 2229 1114 2311 extasi,
1126 2228 1190 2291 sive
1203 2227 1402 2291 alienatione

269 2331 384 2394 mentis
404 2353 423 2395 a
446 2333 601 2416 sensibus,
627 2331 714 2418 quod
738 2333 831 2396 Petro
854 2331 903 2417 (8)
927 2331 1068 2416 contigit,
1094 2331 1146 2395 vol
1173 2351 1238 2394 non
1261 2329 1402 2393 inhibito

270 2433 463 2497 exteriorum
484 2456 634 2499 sensuum
649 2457 720 2499 usu.
739 2436 838 2498 Porro
862 2455 1067 2521 quocumque
1084 2432 1181 2498 modo
1204 2432 1294 2497 fieret
1316 2455 1400 2518 pro-

269 2533 396 2617 phetica
411 2536 563 2599 revelatio
593 2556 720 2620 semper
731 2536 908 2621 Prophetas
920 2537 1003 2624 Deus
1021 2535 1171 2617 certiores
1184 2533 1339 2598 reddebat
1357 2533 1403 2621 de

49 2671 116 2799 as
125 2686 219 2792 ot.
270 2636 1402 2851 ttlttttllthtllittlllnlitt.lltlttllssltt

270 2811 370 2904 Ionii
384 2740 730 2926 ldghj'hhedhhechiel
748 2840 878 2925 distulit,
897 2841 968 2906 ideo
985 2842 1140 2906 Ieremias
1156 2840 1310 2906 recusabo
1373 2815 1378 2825 Ι

315 2943 367 3007 Il).
419 2943 506 3009 uibus
524 2947 620 3030 sipara
639 2947 705 3008 veri
726 2945 889 3031 Propheta
909 2967 928 3006 e
948 2943 1336 3030 fulsisdistiaquebontur.
1366 2944 1400 3007 Si

80 2964 363 3170 amymulti
405 3056 523 3110 uemnt
549 3046 636 3132 apud
656 3047 808 3111 Hebraeos
830 3048 1010 3132 Propheta,
1032 3046 1122 3110 multi
1147 3047 1242 3110 etiam
1266 3045 1401 3110 luerunt

77 3132 221 3223 weh&
270 3147 588 3234 pseudo-propheta.
607 3152 691 3213 Deus
704 3159 811 3214 autem
826 3150 976 3214 Israelitis
991 3150 1024 3212 in
1040 3151 1107 3234 ipsa
1119 3151 1202 3234 Lege
1218 3149 1315 3235 Moysi
1332 3147 1401 3214 duo

138 3226 225 3398 &Q
271 3249 361 3332 signa
384 3246 516 3314 dederat
547 3250 664 3335 quibus
687 3251 758 3315 falsi
786 3251 949 3336 prophetae
982 3259 1073 3314 erant
1096 3238 1277 3336 detegendi.
1301 3249 1400 3349 Q
1491 3272 1493 3277 ·

271 3346 359 3433 quod
388 3348 602 3433 praedixerant
631 3373 696 3416 non
726 3355 906 3437 evenisset,
928 3352 1021 3439 juxta
1044 3355 1134 3418 Deut.
1159 3354 1293 3437 XVIII,
1319 3354 1361 3416 22
1390 3376 1399 3417 ι

303 3546 339 3612 (1)
352 3547 429 3600 Hebr.
442 3549 461 3611 l,
475 3552 499 3600 1.

304 3629 340 3694 (1)
349 3630 412 3682 lsai.
422 3631 463 3691 Vl,
479 3632 609 3709 πρε-91.
624 3633 653 3694 11,
667 3634 768 3692 ultan.
784 3634 847 3695 Vlll,
863 3635 969 3698 13th
992 3635 1049 3698 1‚8.

259 3728 262 3735 ’
304 3713 339 3776 (5)
351 3712 412 3765 Gen.
426 3713 522 3772 XXVII,
539 3713 580 3774 lh
595 3715 713 3778 XXXVII,
727 3717 752 3766 5.

303 3798 329 3860 (1
371 3810 408 3847 aa
429 3797 471 3858 lx,
485 3796 599 3856 hubae.
614 3798 688 3859 l,26.

302 3878 311 3940 (
372 3882 436 3929 eod.
447 3878 489 3941 Ill,
501 3882 526 3945 (ς
539 3881 582 3931 111
595 3895 621 3946 9.
636 3880 910 3945 111,t;Jooxxxvttl,
923 3885 948 3935 l.

304 3960 341 4024 (6)
354 3961 434 4014 Num.
446 3961 500 4022 Xll,
513 3963 538 4013 7.

302 4043 337 4104 (7)
348 4043 427 4097 Num.
440 4043 493 4104 XII,
505 4045 530 4097 5.

303 4124 338 4187 (8)
348 4123 406 4175 Act.
421 4125 453 4186 X,
466 4126 516 4181 10..

304 4204 400 4268 (9)(111.
414 4207 440 4257 S.
455 4207 572 4270 Thomas,
584 4209 692 4260 Summo
704 4210 778 4267 theol.
793 4211 809 4260 2
822 4210 854 4261 Ξ·
863 4226 888 4276 q.
902 4213 959 4275 171,
971 4219 1019 4265 an.
1033 4212 1059 4266 6.

304 4285 357 4350 (10)
368 4286 462 4340 Hamil.
478 4288 511 4340 111
524 4290 553 4340 tn
563 4290 646 4357 Epist.
662 4292 697 4343 od
710 4292 773 4351 Cor.
