<?xml version="1.0" encoding="UTF-8"?>
<!DOCTYPE html PUBLIC "-//W3C//DTD XHTML 1.0 Transitional//EN"
    "http://www.w3.org/TR/xhtml1/DTD/xhtml1-transitional.dtd">
<html xmlns="http://www.w3.org/1999/xhtml" xml:lang="en" lang="en">
 <head>
  <title>
</title>
<meta http-equiv="Content-Type" content="text/html;charset=utf-8" />
  <meta name='ocr-system' content='tesseract 3.04.00' />
  <meta name='ocr-capabilities' content='ocr_page ocr_carea ocr_par ocr_line ocrx_word'/>
</head>
<body>
  <div class='ocr_page' id='page_1' title='image "./introductioinsa00lamygoog/introductioinsa00lamygoog_0254.png"; bbox 0 0 3166 4958; ppageno 0'>
   <div class='ocr_carea' id='block_1_1' title="bbox 304 313 1322 377">
    <p class='ocr_par' dir='ltr' id='par_1_1' title="bbox 304 313 1322 377">
     <span class='ocr_line' id='line_1_1' title="bbox 304 313 1322 377; baseline 0.001 -1"><span class='ocrx_word' id='word_1_1' title='bbox 304 334 380 377; x_wconf 81' lang='lat' dir='ltr'><strong>rsus</strong></span> <span class='ocrx_word' id='word_1_2' title='bbox 394 333 429 376; x_wconf 87' lang='lat'><strong>11.</strong></span> <span class='ocrx_word' id='word_1_3' title='bbox 445 332 538 375; x_wconf 77' lang='lat' dir='ltr'><strong>esum</strong></span> <span class='ocrx_word' id='word_1_4' title='bbox 549 332 597 375; x_wconf 79' lang='lat'>111.</span> <span class='ocrx_word' id='word_1_5' title='bbox 613 332 651 374; x_wconf 82' lang='lat' dir='ltr'><strong>nn</strong></span> <span class='ocrx_word' id='word_1_6' title='bbox 664 331 789 375; x_wconf 78' lang='lat' dir='ltr'><strong>casurus</strong></span> <span class='ocrx_word' id='word_1_7' title='bbox 800 334 836 375; x_wconf 84' lang='lat' dir='ltr'><strong>nr</strong></span> <span class='ocrx_word' id='word_1_8' title='bbox 848 332 1006 375; x_wconf 77' lang='lat' dir='ltr'><strong>sucromr.</strong></span> <span class='ocrx_word' id='word_1_9' title='bbox 1023 331 1065 375; x_wconf 82' lang='lat' dir='ltr'><strong>tv.</strong></span> <span class='ocrx_word' id='word_1_10' title='bbox 1080 333 1210 377; x_wconf 75' lang='lat' dir='ltr'><strong>manea.</strong></span> <span class='ocrx_word' id='word_1_11' title='bbox 1257 313 1322 377; x_wconf 72' lang='lat' dir='ltr'><strong>tte</strong></span> 
     </span>
    </p>
   </div>
   <div class='ocr_carea' id='block_1_2' title="bbox 192 429 1324 1644">
    <p class='ocr_par' dir='ltr' id='par_1_2' title="bbox 192 429 1324 1644">
     <span class='ocr_line' id='line_1_2' title="bbox 239 429 1321 516; baseline 0 -21"><span class='ocrx_word' id='word_1_12' title='bbox 239 432 293 496; x_wconf 73' lang='lat' dir='ltr'><strong>tt,</strong></span> <span class='ocrx_word' id='word_1_13' title='bbox 307 430 416 495; x_wconf 79' lang='lat' dir='ltr'><em>Schola</em></span> <span class='ocrx_word' id='word_1_14' title='bbox 432 429 641 515; x_wconf 71' lang='lat' dir='ltr'><strong>Tabiapensis.</strong></span> <span class='ocrx_word' id='word_1_15' title='bbox 654 430 833 514; x_wconf 86' lang='lat' dir='ltr'><strong>Evangeliis</strong></span> <span class='ocrx_word' id='word_1_16' title='bbox 849 453 913 497; x_wconf 92' lang='lat' dir='ltr'><strong>non</strong></span> <span class='ocrx_word' id='word_1_17' title='bbox 930 431 1031 516; x_wconf 88' lang='lat' dir='ltr'><strong>magis</strong></span> <span class='ocrx_word' id='word_1_18' title='bbox 1047 431 1189 515; x_wconf 81' lang='lat' dir='ltr'><strong>pepercit</strong></span> <span class='ocrx_word' id='word_1_19' title='bbox 1205 429 1321 495; x_wconf 88' lang='lat' dir='ltr'><strong>ardens</strong></span> 
     </span>
     <span class='ocr_line' id='line_1_3' title="bbox 192 530 1318 617; baseline 0.002 -22"><span class='ocrx_word' id='word_1_20' title='bbox 192 534 403 598; x_wconf 89' lang='lat' dir='ltr'><strong>rationalismi</strong></span> <span class='ocrx_word' id='word_1_21' title='bbox 420 533 559 617; x_wconf 74' lang='lat' dir='ltr'>negativi</span> <span class='ocrx_word' id='word_1_22' title='bbox 571 541 748 617; x_wconf 90' lang='lat' dir='ltr'><strong>promotor,</strong></span> <span class='ocrx_word' id='word_1_23' title='bbox 766 533 913 616; x_wconf 89' lang='lat' dir='ltr'><strong>Baurius,</strong></span> <span class='ocrx_word' id='word_1_24' title='bbox 932 554 1018 597; x_wconf 89' lang='lat' dir='ltr'><strong>anno</strong></span> <span class='ocrx_word' id='word_1_25' title='bbox 1037 534 1122 596; x_wconf 77' lang='lat'><strong>1862</strong></span> <span class='ocrx_word' id='word_1_26' title='bbox 1137 530 1318 597; x_wconf 83' lang='lat' dir='ltr'><strong>defunctus.</strong></span> 
     </span>
     <span class='ocr_line' id='line_1_4' title="bbox 192 632 1323 720; baseline 0.002 -23"><span class='ocrx_word' id='word_1_27' title='bbox 192 635 224 698; x_wconf 92' lang='lat' dir='ltr'><strong>Is</strong></span> <span class='ocrx_word' id='word_1_28' title='bbox 236 636 289 700; x_wconf 82' lang='lat' dir='ltr'><strong>vix</strong></span> <span class='ocrx_word' id='word_1_29' title='bbox 306 635 467 700; x_wconf 81' lang='lat' dir='ltr'>Christum</span> <span class='ocrx_word' id='word_1_30' title='bbox 484 632 560 697; x_wconf 89' lang='lat' dir='ltr'><strong>lidei</strong></span> <span class='ocrx_word' id='word_1_31' title='bbox 577 642 691 697; x_wconf 72' lang='lat' dir='ltr'><strong>nostrae</strong></span> <span class='ocrx_word' id='word_1_32' title='bbox 710 643 874 699; x_wconf 78' lang='lat' dir='ltr'><strong>auctorem</strong></span> <span class='ocrx_word' id='word_1_33' title='bbox 891 636 1019 717; x_wconf 90' lang='lat' dir='ltr'><strong>salutat,</strong></span> <span class='ocrx_word' id='word_1_34' title='bbox 1038 635 1215 720; x_wconf 71' lang='lat' dir='ltr'><strong>praecipuas</strong></span> <span class='ocrx_word' id='word_1_35' title='bbox 1237 636 1270 699; x_wconf 91' lang='lat' dir='ltr'><strong>in</strong></span> <span class='ocrx_word' id='word_1_36' title='bbox 1286 655 1323 699; x_wconf 89' lang='lat' dir='ltr'><strong>re</strong></span> 
     </span>
     <span class='ocr_line' id='line_1_5' title="bbox 194 733 1322 822; baseline 0 -21"><span class='ocrx_word' id='word_1_37' title='bbox 194 737 365 802; x_wconf 83' lang='lat' dir='ltr'><strong>christiana</strong></span> <span class='ocrx_word' id='word_1_38' title='bbox 387 733 555 801; x_wconf 88' lang='lat' dir='ltr'><strong>condenda</strong></span> <span class='ocrx_word' id='word_1_39' title='bbox 572 745 678 820; x_wconf 88' lang='lat' dir='ltr'><strong>partes</strong></span> <span class='ocrx_word' id='word_1_40' title='bbox 693 736 793 801; x_wconf 89' lang='lat' dir='ltr'><strong>Paulo</strong></span> <span class='ocrx_word' id='word_1_41' title='bbox 810 738 963 822; x_wconf 82' lang='lat' dir='ltr'><strong>Apostolo</strong></span> <span class='ocrx_word' id='word_1_42' title='bbox 980 736 1090 800; x_wconf 88' lang='lat' dir='ltr'><strong>tribuit</strong></span> <span class='ocrx_word' id='word_1_43' title='bbox 1104 761 1113 819; x_wconf 80' lang='lat'><em>3</em></span> <span class='ocrx_word' id='word_1_44' title='bbox 1131 736 1221 822; x_wconf 88' lang='lat' dir='ltr'><strong>lingit</strong></span> <span class='ocrx_word' id='word_1_45' title='bbox 1236 738 1322 802; x_wconf 91' lang='lat' dir='ltr'><strong>enim</strong></span> 
     </span>
     <span class='ocr_line' id='line_1_6' title="bbox 194 837 1321 924; baseline 0 -21"><span class='ocrx_word' id='word_1_46' title='bbox 194 840 315 904; x_wconf 89' lang='lat' dir='ltr'><strong>luctam</strong></span> <span class='ocrx_word' id='word_1_47' title='bbox 329 841 414 904; x_wconf 90' lang='lat' dir='ltr'><strong>inter</strong></span> <span class='ocrx_word' id='word_1_48' title='bbox 429 838 619 903; x_wconf 86' lang='lat' dir='ltr'><strong>christianos</strong></span> <span class='ocrx_word' id='word_1_49' title='bbox 640 859 680 902; x_wconf 85' lang='lat' dir='ltr'><strong>ex</strong></span> <span class='ocrx_word' id='word_1_50' title='bbox 700 837 819 904; x_wconf 80' lang='lat' dir='ltr'><strong>ludaeis</strong></span> <span class='ocrx_word' id='word_1_51' title='bbox 843 849 875 902; x_wconf 89' lang='lat' dir='ltr'><strong>et</strong></span> <span class='ocrx_word' id='word_1_52' title='bbox 894 839 1084 905; x_wconf 86' lang='lat' dir='ltr'><strong>christianos</strong></span> <span class='ocrx_word' id='word_1_53' title='bbox 1106 839 1321 924; x_wconf 83' lang='lat' dir='ltr'><strong>exgentibus,</strong></span> 
     </span>
     <span class='ocr_line' id='line_1_7' title="bbox 194 940 1321 1029; baseline 0.001 -23"><span class='ocrx_word' id='word_1_54' title='bbox 194 943 278 1006; x_wconf 90' lang='lat' dir='ltr'><strong>inter</strong></span> <span class='ocrx_word' id='word_1_55' title='bbox 299 943 455 1016; x_wconf 73' lang='lat' dir='ltr'><strong><em>Petrinus,</em></strong></span> <span class='ocrx_word' id='word_1_56' title='bbox 479 950 514 1006; x_wconf 91' lang='lat' dir='ltr'><strong>nt</strong></span> <span class='ocrx_word' id='word_1_57' title='bbox 538 941 604 1026; x_wconf 83' lang='lat' dir='ltr'><strong>ipse</strong></span> <span class='ocrx_word' id='word_1_58' title='bbox 628 942 684 1024; x_wconf 88' lang='lat' dir='ltr'><strong>ait,</strong></span> <span class='ocrx_word' id='word_1_59' title='bbox 710 951 740 1005; x_wconf 93' lang='lat' dir='ltr'><strong>et</strong></span> <span class='ocrx_word' id='word_1_60' title='bbox 761 942 925 1017; x_wconf 72' lang='lat' dir='ltr'><em>Paulines,</em></span> <span class='ocrx_word' id='word_1_61' title='bbox 951 963 1022 1029; x_wconf 84' lang='lat' dir='ltr'><strong>quae</strong></span> <span class='ocrx_word' id='word_1_62' title='bbox 1045 943 1130 1006; x_wconf 84' lang='lat' dir='ltr'><strong>lucta</strong></span> <span class='ocrx_word' id='word_1_63' title='bbox 1154 963 1256 1028; x_wconf 88' lang='lat' dir='ltr'><strong>usque</strong></span> <span class='ocrx_word' id='word_1_64' title='bbox 1279 940 1321 1007; x_wconf 86' lang='lat' dir='ltr'><strong>ad</strong></span> 
     </span>
     <span class='ocr_line' id='line_1_8' title="bbox 192 1043 1323 1131; baseline -0.001 -22"><span class='ocrx_word' id='word_1_65' title='bbox 192 1046 346 1110; x_wconf 71' lang='lat' dir='ltr'><strong>seculum</strong></span> <span class='ocrx_word' id='word_1_66' title='bbox 359 1043 536 1109; x_wconf 88' lang='lat' dir='ltr'><strong>secundum</strong></span> <span class='ocrx_word' id='word_1_67' title='bbox 547 1046 820 1130; x_wconf 76' lang='lat' dir='ltr'><strong>perseveraverit,</strong></span> <span class='ocrx_word' id='word_1_68' title='bbox 835 1047 924 1111; x_wconf 87' lang='lat' dir='ltr'><strong>lassis</strong></span> <span class='ocrx_word' id='word_1_69' title='bbox 942 1055 1050 1110; x_wconf 86' lang='lat' dir='ltr'><strong>autem</strong></span> <span class='ocrx_word' id='word_1_70' title='bbox 1065 1044 1209 1130; x_wconf 87' lang='lat' dir='ltr'><strong>partibus</strong></span> <span class='ocrx_word' id='word_1_71' title='bbox 1225 1054 1323 1131; x_wconf 84' lang='lat' dir='ltr'><strong>atque</strong></span> 
     </span>
     <span class='ocr_line' id='line_1_9' title="bbox 194 1145 1323 1234; baseline 0 -24"><span class='ocrx_word' id='word_1_72' title='bbox 194 1148 272 1212; x_wconf 88' lang='lat' dir='ltr'><strong>inita</strong></span> <span class='ocrx_word' id='word_1_73' title='bbox 297 1147 530 1231; x_wconf 75' lang='lat' dir='ltr'><strong>conciliatione,</strong></span> <span class='ocrx_word' id='word_1_74' title='bbox 547 1145 663 1211; x_wconf 80' lang='lat' dir='ltr'><strong>exinde</strong></span> <span class='ocrx_word' id='word_1_75' title='bbox 685 1157 773 1212; x_wconf 87' lang='lat' dir='ltr'><strong>ortus</strong></span> <span class='ocrx_word' id='word_1_76' title='bbox 795 1157 853 1233; x_wconf 85' lang='lat' dir='ltr'><strong>est,</strong></span> <span class='ocrx_word' id='word_1_77' title='bbox 870 1148 963 1234; x_wconf 86' lang='lat' dir='ltr'><strong>juxta</strong></span> <span class='ocrx_word' id='word_1_78' title='bbox 988 1148 1153 1231; x_wconf 80' lang='lat' dir='ltr'><strong>Bourium,</strong></span> <span class='ocrx_word' id='word_1_79' title='bbox 1174 1146 1323 1211; x_wconf 88' lang='lat' dir='ltr'><strong>christia-</strong></span> 
     </span>
     <span class='ocr_line' id='line_1_10' title="bbox 194 1249 1323 1336; baseline 0 -22"><span class='ocrx_word' id='word_1_80' title='bbox 194 1250 316 1314; x_wconf 87' lang='lat' dir='ltr'><strong>nismus</strong></span> <span class='ocrx_word' id='word_1_81' title='bbox 339 1250 537 1314; x_wconf 87' lang='lat' dir='ltr'><strong>universalis.</strong></span> <span class='ocrx_word' id='word_1_82' title='bbox 560 1249 660 1314; x_wconf 86' lang='lat' dir='ltr'><strong>Porro</strong></span> <span class='ocrx_word' id='word_1_83' title='bbox 685 1249 858 1336; x_wconf 83' lang='lat' dir='ltr'><strong>Evangelia</strong></span> <span class='ocrx_word' id='word_1_84' title='bbox 880 1251 1066 1315; x_wconf 79' lang='lat' dir='ltr'><strong>successivis</strong></span> <span class='ocrx_word' id='word_1_85' title='bbox 1088 1249 1323 1314; x_wconf 78' lang='lat' dir='ltr'><strong>evolationibus</strong></span> 
     </span>
     <span class='ocr_line' id='line_1_11' title="bbox 195 1351 1322 1439; baseline 0.002 -24"><span class='ocrx_word' id='word_1_86' title='bbox 195 1351 509 1432; x_wconf 78' lang='lat' dir='ltr'><strong>efformataluerint.</strong></span> <span class='ocrx_word' id='word_1_87' title='bbox 528 1353 611 1416; x_wconf 87' lang='lat' dir='ltr'><strong>Inita</strong></span> <span class='ocrx_word' id='word_1_88' title='bbox 631 1353 718 1416; x_wconf 91' lang='lat' dir='ltr'><strong>enim</strong></span> <span class='ocrx_word' id='word_1_89' title='bbox 741 1354 856 1418; x_wconf 84' lang='lat' dir='ltr'><strong>saecnlo</strong></span> <span class='ocrx_word' id='word_1_90' title='bbox 878 1352 1018 1419; x_wconf 88' lang='lat' dir='ltr'><strong>secundo</strong></span> <span class='ocrx_word' id='word_1_91' title='bbox 1042 1374 1122 1439; x_wconf 89' lang='lat' dir='ltr'><strong>pace</strong></span> <span class='ocrx_word' id='word_1_92' title='bbox 1145 1353 1227 1417; x_wconf 88' lang='lat' dir='ltr'><strong>inter</strong></span> <span class='ocrx_word' id='word_1_93' title='bbox 1242 1351 1322 1417; x_wconf 86' lang='lat' dir='ltr'><strong>duas</strong></span> 
     </span>
     <span class='ocr_line' id='line_1_12' title="bbox 195 1454 1324 1541; baseline 0.002 -24"><span class='ocrx_word' id='word_1_94' title='bbox 195 1454 418 1518; x_wconf 76' lang='lat' dir='ltr'><strong>christianismi</strong></span> <span class='ocrx_word' id='word_1_95' title='bbox 437 1463 555 1540; x_wconf 86' lang='lat' dir='ltr'><strong>partes,</strong></span> <span class='ocrx_word' id='word_1_96' title='bbox 573 1455 748 1540; x_wconf 84' lang='lat' dir='ltr'><strong>Evangelia</strong></span> <span class='ocrx_word' id='word_1_97' title='bbox 763 1456 901 1521; x_wconf 80' lang='lat' dir='ltr'><strong>Matthaei</strong></span> <span class='ocrx_word' id='word_1_98' title='bbox 925 1466 956 1521; x_wconf 92' lang='lat' dir='ltr'><strong>et</strong></span> <span class='ocrx_word' id='word_1_99' title='bbox 972 1457 1082 1539; x_wconf 77' lang='lat' dir='ltr'><strong>Marci,</strong></span> <span class='ocrx_word' id='word_1_100' title='bbox 1101 1464 1210 1541; x_wconf 87' lang='lat' dir='ltr'><strong>utpote</strong></span> <span class='ocrx_word' id='word_1_101' title='bbox 1229 1455 1324 1519; x_wconf 87' lang='lat' dir='ltr'><strong>nimis</strong></span> 
     </span>
     <span class='ocr_line' id='line_1_13' title="bbox 194 1556 1322 1644; baseline 0.001 -23"><span class='ocrx_word' id='word_1_102' title='bbox 194 1556 405 1640; x_wconf 85' lang='lat' dir='ltr'><strong>Judaimntia,</strong></span> <span class='ocrx_word' id='word_1_103' title='bbox 426 1568 457 1622; x_wconf 89' lang='lat' dir='ltr'><strong>et</strong></span> <span class='ocrx_word' id='word_1_104' title='bbox 480 1558 689 1644; x_wconf 81' lang='lat' dir='ltr'><strong>Evangelium</strong></span> <span class='ocrx_word' id='word_1_105' title='bbox 707 1560 811 1642; x_wconf 80' lang='lat' dir='ltr'><strong>Luca,</strong></span> <span class='ocrx_word' id='word_1_106' title='bbox 828 1561 930 1624; x_wconf 87' lang='lat' dir='ltr'><strong>Paulo</strong></span> <span class='ocrx_word' id='word_1_107' title='bbox 948 1560 1041 1625; x_wconf 88' lang='lat' dir='ltr'><strong>nimis</strong></span> <span class='ocrx_word' id='word_1_108' title='bbox 1062 1561 1231 1642; x_wconf 79' lang='lat' dir='ltr'><strong>inhaerens,</strong></span> <span class='ocrx_word' id='word_1_109' title='bbox 1247 1580 1322 1624; x_wconf 88' lang='lat' dir='ltr'><strong>eor-</strong></span> 
     </span>
    </p>
   </div>
   <div class='ocr_carea' id='block_1_3' title="bbox 96 1658 1322 1749">
    <p class='ocr_par' dir='ltr' id='par_1_3' title="bbox 96 1658 1322 1749">
     <span class='ocr_line' id='line_1_14' title="bbox 96 1658 1322 1749; baseline 0.002 -26"><span class='ocrx_word' id='word_1_110' title='bbox 96 1736 104 1745; x_wconf 29' lang='lat'>·</span> <span class='ocrx_word' id='word_1_111' title='bbox 195 1670 284 1725; x_wconf 89' lang='lat' dir='ltr'><strong>recta</strong></span> <span class='ocrx_word' id='word_1_112' title='bbox 299 1660 401 1725; x_wconf 83' lang='lat' dir='ltr'><strong>fuere.</strong></span> <span class='ocrx_word' id='word_1_113' title='bbox 419 1662 629 1747; x_wconf 78' lang='lat' dir='ltr'><strong>Evangelium</strong></span> <span class='ocrx_word' id='word_1_114' title='bbox 646 1671 753 1727; x_wconf 88' lang='lat' dir='ltr'><strong>autem</strong></span> <span class='ocrx_word' id='word_1_115' title='bbox 775 1663 919 1748; x_wconf 86' lang='lat' dir='ltr'><strong>loannis,</strong></span> <span class='ocrx_word' id='word_1_116' title='bbox 937 1663 980 1729; x_wconf 87' lang='lat' dir='ltr'><strong>ob</strong></span> <span class='ocrx_word' id='word_1_117' title='bbox 1002 1684 1094 1727; x_wconf 89' lang='lat' dir='ltr'><strong>suam</strong></span> <span class='ocrx_word' id='word_1_118' title='bbox 1111 1661 1151 1726; x_wconf 91' lang='lat' dir='ltr'><strong>de</strong></span> <span class='ocrx_word' id='word_1_119' title='bbox 1167 1658 1239 1749; x_wconf 73' lang='lat' dir='ltr'><strong>lopap</strong></span> <span class='ocrx_word' id='word_1_120' title='bbox 1257 1659 1322 1725; x_wconf 89' lang='lat' dir='ltr'><strong>do-</strong></span> 
     </span>
    </p>
   </div>
   <div class='ocr_carea' id='block_1_4' title="bbox 192 1763 1377 4111">
    <p class='ocr_par' dir='ltr' id='par_1_4' title="bbox 195 1763 1322 2260">
     <span class='ocr_line' id='line_1_15' title="bbox 196 1763 1322 1853; baseline 0.001 -27"><span class='ocrx_word' id='word_1_121' title='bbox 196 1763 344 1847; x_wconf 86' lang='lat' dir='ltr'><strong>ctrinam,</strong></span> <span class='ocrx_word' id='word_1_122' title='bbox 357 1763 513 1830; x_wconf 87' lang='lat' dir='ltr'><strong>Gnosticis</strong></span> <span class='ocrx_word' id='word_1_123' title='bbox 529 1765 686 1829; x_wconf 81' lang='lat' dir='ltr'><strong>recentius</strong></span> <span class='ocrx_word' id='word_1_124' title='bbox 699 1787 765 1831; x_wconf 89' lang='lat' dir='ltr'><strong>esse</strong></span> <span class='ocrx_word' id='word_1_125' title='bbox 783 1766 901 1831; x_wconf 91' lang='lat' dir='ltr'><strong>Baurio</strong></span> <span class='ocrx_word' id='word_1_126' title='bbox 919 1776 1063 1853; x_wconf 85' lang='lat' dir='ltr'><strong>apparet.</strong></span> <span class='ocrx_word' id='word_1_127' title='bbox 1078 1765 1195 1829; x_wconf 91' lang='lat' dir='ltr'><strong>Baurio</strong></span> <span class='ocrx_word' id='word_1_128' title='bbox 1211 1763 1322 1828; x_wconf 81' lang='lat' dir='ltr'><strong>adha-</strong></span> 
     </span>
     <span class='ocr_line' id='line_1_16' title="bbox 195 1864 1319 1952; baseline 0 -24"><span class='ocrx_word' id='word_1_129' title='bbox 195 1873 267 1929; x_wconf 92' lang='lat' dir='ltr'><strong>rent</strong></span> <span class='ocrx_word' id='word_1_130' title='bbox 290 1866 482 1952; x_wconf 85' lang='lat' dir='ltr'><strong>Schwegler,</strong></span> <span class='ocrx_word' id='word_1_131' title='bbox 500 1867 615 1950; x_wconf 90' lang='lat' dir='ltr'><strong>Zeller,</strong></span> <span class='ocrx_word' id='word_1_132' title='bbox 636 1868 771 1951; x_wconf 87' lang='lat' dir='ltr'><strong>Ritsehl,</strong></span> <span class='ocrx_word' id='word_1_133' title='bbox 793 1868 961 1952; x_wconf 85' lang='lat' dir='ltr'><strong>Volkmar,</strong></span> <span class='ocrx_word' id='word_1_134' title='bbox 984 1869 1092 1950; x_wconf 88' lang='lat' dir='ltr'><strong>Kcim,</strong></span> <span class='ocrx_word' id='word_1_135' title='bbox 1121 1864 1319 1951; x_wconf 79' lang='lat' dir='ltr'><strong>Hilgenfeld,</strong></span> 
     </span>
     <span class='ocr_line' id='line_1_17' title="bbox 195 1967 1320 2058; baseline 0 -27"><span class='ocrx_word' id='word_1_136' title='bbox 195 1967 364 2051; x_wconf 79' lang='lat' dir='ltr'><strong>Koestlin,</strong></span> <span class='ocrx_word' id='word_1_137' title='bbox 390 1967 533 2052; x_wconf 78' lang='lat' dir='ltr'><strong>Reville,</strong></span> <span class='ocrx_word' id='word_1_138' title='bbox 558 1970 738 2053; x_wconf 81' lang='lat' dir='ltr'><strong>D&#39;Fiehtal,</strong></span> <span class='ocrx_word' id='word_1_139' title='bbox 763 1971 835 2053; x_wconf 87' lang='lat' dir='ltr'><strong>alii,</strong></span> <span class='ocrx_word' id='word_1_140' title='bbox 864 1972 933 2058; x_wconf 89' lang='lat' dir='ltr'><strong>qui,</strong></span> <span class='ocrx_word' id='word_1_141' title='bbox 958 1970 1104 2057; x_wconf 85' lang='lat' dir='ltr'><strong>quamvis</strong></span> <span class='ocrx_word' id='word_1_142' title='bbox 1128 1991 1160 2032; x_wconf 92' lang='lat' dir='ltr'><strong>sc</strong></span> <span class='ocrx_word' id='word_1_143' title='bbox 1184 1969 1320 2032; x_wconf 84' lang='lat' dir='ltr'><strong>invicem</strong></span> 
     </span>
     <span class='ocr_line' id='line_1_18' title="bbox 196 2070 1321 2159; baseline -0.001 -24"><span class='ocrx_word' id='word_1_144' title='bbox 196 2070 314 2136; x_wconf 87' lang='lat' dir='ltr'><strong>acerbe</strong></span> <span class='ocrx_word' id='word_1_145' title='bbox 329 2072 446 2156; x_wconf 82' lang='lat' dir='ltr'><strong>sapius</strong></span> <span class='ocrx_word' id='word_1_146' title='bbox 467 2074 669 2158; x_wconf 81' lang='lat' dir='ltr'><strong>impugnent,</strong></span> <span class='ocrx_word' id='word_1_147' title='bbox 686 2074 720 2136; x_wconf 91' lang='lat' dir='ltr'><strong>in</strong></span> <span class='ocrx_word' id='word_1_148' title='bbox 742 2074 911 2158; x_wconf 74' lang='lat' dir='ltr'><strong>negatione</strong></span> <span class='ocrx_word' id='word_1_149' title='bbox 935 2073 1182 2159; x_wconf 82' lang='lat' dir='ltr'><strong>Evangeliorum</strong></span> <span class='ocrx_word' id='word_1_150' title='bbox 1198 2092 1321 2135; x_wconf 87' lang='lat' dir='ltr'><strong>conve-</strong></span> 
     </span>
     <span class='ocr_line' id='line_1_19' title="bbox 198 2174 1124 2260; baseline 0.001 -24"><span class='ocrx_word' id='word_1_151' title='bbox 198 2174 291 2237; x_wconf 90' lang='lat' dir='ltr'><strong>niunt</strong></span> <span class='ocrx_word' id='word_1_152' title='bbox 306 2183 337 2238; x_wconf 92' lang='lat' dir='ltr'><strong>et</strong></span> <span class='ocrx_word' id='word_1_153' title='bbox 353 2174 523 2238; x_wconf 85' lang='lat' dir='ltr'><strong>efformant</strong></span> <span class='ocrx_word' id='word_1_154' title='bbox 538 2175 682 2240; x_wconf 90' lang='lat' dir='ltr'><strong>scholam</strong></span> <span class='ocrx_word' id='word_1_155' title='bbox 697 2176 742 2239; x_wconf 88' lang='lat' dir='ltr'><strong>sie</strong></span> <span class='ocrx_word' id='word_1_156' title='bbox 758 2174 877 2240; x_wconf 89' lang='lat' dir='ltr'><strong>dictam</strong></span> <span class='ocrx_word' id='word_1_157' title='bbox 896 2175 1124 2260; x_wconf 79' lang='lat' dir='ltr'><strong>Tubinpeascm.</strong></span> 
     </span>
    </p>

    <p class='ocr_par' dir='ltr' id='par_1_5' title="bbox 192 2272 1377 3491">
     <span class='ocr_line' id='line_1_20' title="bbox 241 2272 1320 2363; baseline -0.003 -23"><span class='ocrx_word' id='word_1_158' title='bbox 241 2277 293 2340; x_wconf 59' lang='grc' dir='ltr'><strong>Ὦ.</strong></span> <span class='ocrx_word' id='word_1_159' title='bbox 322 2276 538 2342; x_wconf 82' lang='lat' dir='ltr'><strong>Rationalistis</strong></span> <span class='ocrx_word' id='word_1_160' title='bbox 567 2277 723 2362; x_wconf 85' lang='lat' dir='ltr'><strong>applicari</strong></span> <span class='ocrx_word' id='word_1_161' title='bbox 753 2287 884 2363; x_wconf 85' lang='lat' dir='ltr'><strong>possunt</strong></span> <span class='ocrx_word' id='word_1_162' title='bbox 908 2278 1007 2342; x_wconf 82' lang='lat' dir='ltr'><strong>verba</strong></span> <span class='ocrx_word' id='word_1_163' title='bbox 1029 2275 1214 2340; x_wconf 83' lang='lat' dir='ltr'><strong>Tertulliani</strong></span> <span class='ocrx_word' id='word_1_164' title='bbox 1237 2272 1285 2360; x_wconf 89' lang='lat'><strong>(1)</strong></span> <span class='ocrx_word' id='word_1_165' title='bbox 1311 2295 1320 2337; x_wconf 76' lang='lat' dir='ltr'><strong>r</strong></span> 
     </span>
     <span class='ocr_line' id='line_1_21' title="bbox 198 2376 1321 2465; baseline 0.003 -28"><span class='ocrx_word' id='word_1_166' title='bbox 198 2402 213 2437; x_wconf 81' lang='lat' dir='ltr'><strong>o</strong></span> <span class='ocrx_word' id='word_1_167' title='bbox 233 2377 412 2462; x_wconf 71' lang='lat' dir='ltr'><strong>Scripturas</strong></span> <span class='ocrx_word' id='word_1_168' title='bbox 427 2377 606 2443; x_wconf 88' lang='lat' dir='ltr'><strong>obtendunt</strong></span> <span class='ocrx_word' id='word_1_169' title='bbox 629 2389 660 2443; x_wconf 90' lang='lat' dir='ltr'><strong>et</strong></span> <span class='ocrx_word' id='word_1_170' title='bbox 678 2380 741 2444; x_wconf 87' lang='lat' dir='ltr'><strong>hac</strong></span> <span class='ocrx_word' id='word_1_171' title='bbox 762 2400 821 2443; x_wconf 89' lang='lat' dir='ltr'><strong>sua</strong></span> <span class='ocrx_word' id='word_1_172' title='bbox 836 2378 972 2445; x_wconf 87' lang='lat' dir='ltr'><strong>audacia</strong></span> <span class='ocrx_word' id='word_1_173' title='bbox 992 2376 1149 2465; x_wconf 83' lang='lat' dir='ltr'><strong>quosdam</strong></span> <span class='ocrx_word' id='word_1_174' title='bbox 1167 2385 1321 2462; x_wconf 80' lang='lat' dir='ltr'><strong>movent3</strong></span> 
     </span>
     <span class='ocr_line' id='line_1_22' title="bbox 195 2477 1324 2567; baseline 0 -25"><span class='ocrx_word' id='word_1_175' title='bbox 195 2480 229 2542; x_wconf 92' lang='lat' dir='ltr'><strong>in</strong></span> <span class='ocrx_word' id='word_1_176' title='bbox 242 2481 311 2565; x_wconf 88' lang='lat' dir='ltr'><strong>ipso&#39;</strong></span> <span class='ocrx_word' id='word_1_177' title='bbox 321 2501 399 2545; x_wconf 75' lang='lat' dir='ltr'><strong>vcro</strong></span> <span class='ocrx_word' id='word_1_178' title='bbox 414 2486 585 2566; x_wconf 72' lang='lat' dir='ltr'><strong>congrchu</strong></span> <span class='ocrx_word' id='word_1_179' title='bbox 597 2480 707 2546; x_wconf 87' lang='lat' dir='ltr'><strong>firmos</strong></span> <span class='ocrx_word' id='word_1_180' title='bbox 722 2482 868 2567; x_wconf 83' lang='lat' dir='ltr'><strong>fatigant,</strong></span> <span class='ocrx_word' id='word_1_181' title='bbox 884 2481 1181 2566; x_wconf 73' lang='lat' dir='ltr'><strong>infirmos&#39;capiunt,</strong></span> <span class='ocrx_word' id='word_1_182' title='bbox 1199 2477 1324 2543; x_wconf 89' lang='lat' dir='ltr'><strong>medios</strong></span> 
     </span>
     <span class='ocr_line' id='line_1_23' title="bbox 196 2583 1324 2669; baseline -0.003 -20"><span class='ocrx_word' id='word_1_183' title='bbox 196 2605 272 2649; x_wconf 89' lang='lat' dir='ltr'><strong>cum</strong></span> <span class='ocrx_word' id='word_1_184' title='bbox 285 2585 434 2669; x_wconf 90' lang='lat' dir='ltr'><strong>scrupulo</strong></span> <span class='ocrx_word' id='word_1_185' title='bbox 447 2583 621 2648; x_wconf 89' lang='lat' dir='ltr'><strong>dimittunt.</strong></span> <span class='ocrx_word' id='word_1_186' title='bbox 640 2610 655 2645; x_wconf 71' lang='lat' dir='ltr'><strong>a</strong></span> <span class='ocrx_word' id='word_1_187' title='bbox 670 2584 708 2648; x_wconf 89' lang='lat' dir='ltr'><strong>Et</strong></span> <span class='ocrx_word' id='word_1_188' title='bbox 723 2583 830 2650; x_wconf 90' lang='lat' dir='ltr'><strong>adhuc</strong></span> <span class='ocrx_word' id='word_1_189' title='bbox 848 2608 855 2650; x_wconf 91' lang='lat'><strong>:</strong></span> <span class='ocrx_word' id='word_1_190' title='bbox 875 2609 889 2644; x_wconf 78' lang='lat' dir='ltr'><strong>a</strong></span> <span class='ocrx_word' id='word_1_191' title='bbox 909 2587 970 2650; x_wconf 89' lang='lat' dir='ltr'><strong>Ista</strong></span> <span class='ocrx_word' id='word_1_192' title='bbox 988 2585 1115 2650; x_wconf 75' lang='lat' dir='ltr'><strong>haeresis</strong></span> <span class='ocrx_word' id='word_1_193' title='bbox 1130 2605 1195 2648; x_wconf 93' lang='lat' dir='ltr'><strong>non</strong></span> <span class='ocrx_word' id='word_1_194' title='bbox 1210 2583 1324 2668; x_wconf 88' lang='lat' dir='ltr'><strong>recipit</strong></span> 
     </span>
     <span class='ocr_line' id='line_1_24' title="bbox 196 2684 1323 2774; baseline -0.001 -24"><span class='ocrx_word' id='word_1_195' title='bbox 196 2684 354 2773; x_wconf 87' lang='lat' dir='ltr'><strong>quasdam</strong></span> <span class='ocrx_word' id='word_1_196' title='bbox 372 2687 563 2771; x_wconf 84' lang='lat' dir='ltr'><strong>Scripturas3</strong></span> <span class='ocrx_word' id='word_1_197' title='bbox 583 2696 614 2751; x_wconf 92' lang='lat' dir='ltr'><strong>et</strong></span> <span class='ocrx_word' id='word_1_198' title='bbox 634 2689 659 2751; x_wconf 91' lang='lat' dir='ltr'><strong>si</strong></span> <span class='ocrx_word' id='word_1_199' title='bbox 678 2709 758 2774; x_wconf 89' lang='lat' dir='ltr'><strong>quas</strong></span> <span class='ocrx_word' id='word_1_200' title='bbox 773 2690 897 2773; x_wconf 85' lang='lat' dir='ltr'><strong>recipit,</strong></span> <span class='ocrx_word' id='word_1_201' title='bbox 917 2687 1149 2774; x_wconf 88' lang='lat' dir='ltr'><strong>adjectionibus</strong></span> <span class='ocrx_word' id='word_1_202' title='bbox 1165 2696 1196 2750; x_wconf 92' lang='lat' dir='ltr'><strong>et</strong></span> <span class='ocrx_word' id='word_1_203' title='bbox 1209 2684 1323 2750; x_wconf 87' lang='lat' dir='ltr'><strong>detra-</strong></span> 
     </span>
     <span class='ocr_line' id='line_1_25' title="bbox 197 2786 1322 2874; baseline -0.001 -21"><span class='ocrx_word' id='word_1_204' title='bbox 197 2787 355 2853; x_wconf 85' lang='lat' dir='ltr'><strong>ctionibus</strong></span> <span class='ocrx_word' id='word_1_205' title='bbox 372 2787 415 2852; x_wconf 87' lang='lat' dir='ltr'><strong>ad</strong></span> <span class='ocrx_word' id='word_1_206' title='bbox 433 2786 671 2874; x_wconf 90' lang='lat' dir='ltr'><strong>dispositionem</strong></span> <span class='ocrx_word' id='word_1_207' title='bbox 690 2790 887 2855; x_wconf 75' lang='lat' dir='ltr'><strong>institutioni</strong></span> <span class='ocrx_word' id='word_1_208' title='bbox 904 2791 1092 2872; x_wconf 76' lang='lat' dir='ltr'><strong>intervertit,</strong></span> <span class='ocrx_word' id='word_1_209' title='bbox 1108 2788 1183 2852; x_wconf 90' lang='lat' dir='ltr'><strong>etsi</strong></span> <span class='ocrx_word' id='word_1_210' title='bbox 1197 2787 1322 2874; x_wconf 85' lang='lat' dir='ltr'><strong>recipit,</strong></span> 
     </span>
     <span class='ocr_line' id='line_1_26' title="bbox 196 2890 1323 2981; baseline -0.003 -26"><span class='ocrx_word' id='word_1_211' title='bbox 196 2913 263 2956; x_wconf 90' lang='lat' dir='ltr'><strong>non</strong></span> <span class='ocrx_word' id='word_1_212' title='bbox 283 2891 395 2978; x_wconf 85' lang='lat' dir='ltr'><strong>recipit</strong></span> <span class='ocrx_word' id='word_1_213' title='bbox 413 2893 563 2977; x_wconf 84' lang='lat' dir='ltr'><strong>integras3</strong></span> <span class='ocrx_word' id='word_1_214' title='bbox 582 2903 613 2957; x_wconf 89' lang='lat' dir='ltr'><strong>et</strong></span> <span class='ocrx_word' id='word_1_215' title='bbox 629 2893 654 2956; x_wconf 90' lang='lat' dir='ltr'><strong>si</strong></span> <span class='ocrx_word' id='word_1_216' title='bbox 670 2894 870 2981; x_wconf 86' lang='lat' dir='ltr'><strong>aliquatenus</strong></span> <span class='ocrx_word' id='word_1_217' title='bbox 886 2896 1025 2978; x_wconf 87' lang='lat' dir='ltr'><strong>integras</strong></span> <span class='ocrx_word' id='word_1_218' title='bbox 1041 2899 1180 2977; x_wconf 81' lang='lat' dir='ltr'><strong>praestat,</strong></span> <span class='ocrx_word' id='word_1_219' title='bbox 1202 2890 1323 2954; x_wconf 87' lang='lat' dir='ltr'><strong>nihilo-</strong></span> 
     </span>
     <span class='ocr_line' id='line_1_27' title="bbox 194 2992 1322 3080; baseline -0.001 -23"><span class='ocrx_word' id='word_1_220' title='bbox 194 2995 301 3058; x_wconf 89' lang='lat' dir='ltr'><strong>minus</strong></span> <span class='ocrx_word' id='word_1_221' title='bbox 328 2992 468 3059; x_wconf 83' lang='lat' dir='ltr'><strong>diversas</strong></span> <span class='ocrx_word' id='word_1_222' title='bbox 502 2996 714 3080; x_wconf 81' lang='lat' dir='ltr'><strong>expositiones</strong></span> <span class='ocrx_word' id='word_1_223' title='bbox 750 3004 965 3063; x_wconf 86' lang='lat' dir='ltr'><strong>commentata</strong></span> <span class='ocrx_word' id='word_1_224' title='bbox 995 2994 1159 3059; x_wconf 58' lang='lat' dir='ltr'><strong>converti&amp;</strong></span> <span class='ocrx_word' id='word_1_225' title='bbox 1186 2993 1322 3056; x_wconf 85' lang='lat' dir='ltr'><strong>Tantum</strong></span> 
     </span>
     <span class='ocr_line' id='line_1_28' title="bbox 194 3082 1320 3186; baseline -0.001 -26"><span class='ocrx_word' id='word_1_226' title='bbox 194 3098 319 3162; x_wconf 84' lang='lat' dir='ltr'><strong>veritati</strong></span> <span class='ocrx_word' id='word_1_227' title='bbox 344 3082 498 3184; x_wconf 82' lang='lat' dir='ltr'><strong>obstrepit</strong></span> <span class='ocrx_word' id='word_1_228' title='bbox 515 3097 641 3164; x_wconf 82' lang='lat' dir='ltr'><strong>adulter</strong></span> <span class='ocrx_word' id='word_1_229' title='bbox 659 3122 779 3184; x_wconf 89' lang='lat' dir='ltr'><strong>sensus,</strong></span> <span class='ocrx_word' id='word_1_230' title='bbox 798 3109 954 3186; x_wconf 89' lang='lat' dir='ltr'><strong>quantum</strong></span> <span class='ocrx_word' id='word_1_231' title='bbox 974 3107 1007 3163; x_wconf 87' lang='lat' dir='ltr'><strong>et</strong></span> <span class='ocrx_word' id='word_1_232' title='bbox 1024 3106 1192 3181; x_wconf 88' lang='lat' dir='ltr'><strong>corruptor</strong></span> <span class='ocrx_word' id='word_1_233' title='bbox 1209 3095 1320 3182; x_wconf 73' lang='lat' dir='ltr'><strong>stylus,</strong></span> 
     </span>
     <span class='ocr_line' id='line_1_29' title="bbox 193 3200 1322 3288; baseline -0.002 -24"><span class='ocrx_word' id='word_1_234' title='bbox 193 3200 293 3264; x_wconf 75' lang='lat' dir='ltr'><strong>variae</strong></span> <span class='ocrx_word' id='word_1_235' title='bbox 309 3202 571 3287; x_wconf 73' lang='lat' dir='ltr'><strong>praesumptiones</strong></span> <span class='ocrx_word' id='word_1_236' title='bbox 587 3204 701 3267; x_wconf 89' lang='lat' dir='ltr'><strong>nolunt</strong></span> <span class='ocrx_word' id='word_1_237' title='bbox 724 3223 897 3288; x_wconf 88' lang='lat' dir='ltr'><strong>agnoscere</strong></span> <span class='ocrx_word' id='word_1_238' title='bbox 921 3221 959 3265; x_wconf 85' lang='lat' dir='ltr'><strong>ea</strong></span> <span class='ocrx_word' id='word_1_239' title='bbox 980 3220 1041 3286; x_wconf 90' lang='lat' dir='ltr'><strong>per</strong></span> <span class='ocrx_word' id='word_1_240' title='bbox 1057 3219 1128 3284; x_wconf 84' lang='lat' dir='ltr'><strong>quae</strong></span> <span class='ocrx_word' id='word_1_241' title='bbox 1147 3200 1322 3262; x_wconf 88' lang='lat' dir='ltr'><strong>revincun-</strong></span> 
     </span>
     <span class='ocr_line' id='line_1_30' title="bbox 192 3300 1377 3407; baseline 0.001 -42"><span class='ocrx_word' id='word_1_242' title='bbox 192 3311 257 3365; x_wconf 90' lang='lat' dir='ltr'><strong>tur.</strong></span> <span class='ocrx_word' id='word_1_243' title='bbox 277 3300 332 3367; x_wconf 87' lang='lat' dir='ltr'><strong>His</strong></span> <span class='ocrx_word' id='word_1_244' title='bbox 345 3303 487 3368; x_wconf 84' lang='lat' dir='ltr'><strong>nituntur</strong></span> <span class='ocrx_word' id='word_1_245' title='bbox 506 3325 577 3391; x_wconf 83' lang='lat' dir='ltr'><strong>quae</strong></span> <span class='ocrx_word' id='word_1_246' title='bbox 594 3326 633 3368; x_wconf 86' lang='lat' dir='ltr'><strong>ex</strong></span> <span class='ocrx_word' id='word_1_247' title='bbox 648 3304 730 3370; x_wconf 85' lang='lat' dir='ltr'><strong>falso</strong></span> <span class='ocrx_word' id='word_1_248' title='bbox 747 3312 1007 3390; x_wconf 90' lang='lat' dir='ltr'><strong>composuerunt,</strong></span> <span class='ocrx_word' id='word_1_249' title='bbox 1023 3311 1054 3367; x_wconf 89' lang='lat' dir='ltr'><strong>et</strong></span> <span class='ocrx_word' id='word_1_250' title='bbox 1070 3323 1140 3389; x_wconf 79' lang='lat' dir='ltr'><strong>qua</strong></span> <span class='ocrx_word' id='word_1_251' title='bbox 1157 3300 1197 3366; x_wconf 88' lang='lat' dir='ltr'><strong>de</strong></span> <span class='ocrx_word' id='word_1_252' title='bbox 1211 3302 1323 3367; x_wconf 90' lang='lat' dir='ltr'><strong>ambi·</strong></span> <span class='ocrx_word' id='word_1_253' title='bbox 1372 3380 1377 3407; x_wconf 73' lang='lat'><strong>,</strong></span> 
     </span>
     <span class='ocr_line' id='line_1_31' title="bbox 194 3404 524 3491; baseline 0 -25"><span class='ocrx_word' id='word_1_254' title='bbox 194 3404 314 3489; x_wconf 80' lang='lat' dir='ltr'><strong>gnitate</strong></span> <span class='ocrx_word' id='word_1_255' title='bbox 327 3415 492 3491; x_wconf 88' lang='lat' dir='ltr'><strong>ceperunt.</strong></span> <span class='ocrx_word' id='word_1_256' title='bbox 510 3433 524 3466; x_wconf 72' lang='lat' dir='ltr'><strong>a</strong></span> 
     </span>
    </p>

    <p class='ocr_par' dir='ltr' id='par_1_6' title="bbox 192 3507 1323 4111">
     <span class='ocr_line' id='line_1_32' title="bbox 241 3507 1321 3595; baseline 0.003 -24"><span class='ocrx_word' id='word_1_257' title='bbox 241 3507 293 3572; x_wconf 74' lang='lat'><strong>25.</strong></span> <span class='ocrx_word' id='word_1_258' title='bbox 325 3508 426 3573; x_wconf 87' lang='lat' dir='ltr'><strong>Porro</strong></span> <span class='ocrx_word' id='word_1_259' title='bbox 449 3509 682 3575; x_wconf 80' lang='lat' dir='ltr'><strong>rationalisticae</strong></span> <span class='ocrx_word' id='word_1_260' title='bbox 706 3509 829 3575; x_wconf 85' lang='lat' dir='ltr'><strong>critices</strong></span> <span class='ocrx_word' id='word_1_261' title='bbox 853 3509 917 3575; x_wconf 88' lang='lat' dir='ltr'><strong>duo</strong></span> <span class='ocrx_word' id='word_1_262' title='bbox 946 3518 1019 3574; x_wconf 88' lang='lat' dir='ltr'><strong>sunt</strong></span> <span class='ocrx_word' id='word_1_263' title='bbox 1047 3510 1208 3595; x_wconf 82' lang='lat' dir='ltr'><strong>praeeipna</strong></span> <span class='ocrx_word' id='word_1_264' title='bbox 1232 3507 1321 3574; x_wconf 80' lang='lat' dir='ltr'><strong>vitia.</strong></span> 
     </span>
     <span class='ocr_line' id='line_1_33' title="bbox 193 3609 1322 3699; baseline 0 -27"><span class='ocrx_word' id='word_1_265' title='bbox 193 3609 339 3674; x_wconf 89' lang='lat' dir='ltr'><strong>Primum</strong></span> <span class='ocrx_word' id='word_1_266' title='bbox 358 3609 438 3674; x_wconf 90' lang='lat' dir='ltr'><strong>illud</strong></span> <span class='ocrx_word' id='word_1_267' title='bbox 455 3622 512 3695; x_wconf 91' lang='lat' dir='ltr'><strong>est,</strong></span> <span class='ocrx_word' id='word_1_268' title='bbox 532 3633 595 3697; x_wconf 92' lang='lat' dir='ltr'><strong>quo</strong></span> <span class='ocrx_word' id='word_1_269' title='bbox 611 3634 669 3697; x_wconf 90' lang='lat' dir='ltr'><strong>pro</strong></span> <span class='ocrx_word' id='word_1_270' title='bbox 684 3613 842 3678; x_wconf 85' lang='lat' dir='ltr'><strong>axiomate</strong></span> <span class='ocrx_word' id='word_1_271' title='bbox 860 3621 984 3699; x_wconf 92' lang='lat' dir='ltr'><strong>ponunt</strong></span> <span class='ocrx_word' id='word_1_272' title='bbox 1002 3612 1157 3677; x_wconf 87' lang='lat' dir='ltr'><strong>miracula</strong></span> <span class='ocrx_word' id='word_1_273' title='bbox 1173 3631 1241 3674; x_wconf 91' lang='lat' dir='ltr'><strong>esse</strong></span> <span class='ocrx_word' id='word_1_274' title='bbox 1257 3610 1322 3673; x_wconf 90' lang='lat' dir='ltr'><strong>im-</strong></span> 
     </span>
     <span class='ocr_line' id='line_1_34' title="bbox 192 3710 1323 3800; baseline 0.001 -27"><span class='ocrx_word' id='word_1_275' title='bbox 192 3710 369 3795; x_wconf 87' lang='lat' dir='ltr'><strong>possibilia,</strong></span> <span class='ocrx_word' id='word_1_276' title='bbox 389 3711 554 3777; x_wconf 83' lang='lat' dir='ltr'><strong>etidcirco</strong></span> <span class='ocrx_word' id='word_1_277' title='bbox 572 3715 781 3800; x_wconf 89' lang='lat' dir='ltr'><strong>supposititia,</strong></span> <span class='ocrx_word' id='word_1_278' title='bbox 799 3715 905 3780; x_wconf 91' lang='lat' dir='ltr'><strong>fictitia</strong></span> <span class='ocrx_word' id='word_1_279' title='bbox 923 3724 978 3780; x_wconf 90' lang='lat' dir='ltr'><strong>aut</strong></span> <span class='ocrx_word' id='word_1_280' title='bbox 993 3714 1182 3799; x_wconf 88' lang='lat' dir='ltr'><strong>interpolata</strong></span> <span class='ocrx_word' id='word_1_281' title='bbox 1202 3711 1323 3776; x_wconf 86' lang='lat' dir='ltr'><strong>habent</strong></span> 
     </span>
     <span class='ocr_line' id='line_1_35' title="bbox 193 3814 1319 3904; baseline 0 -25"><span class='ocrx_word' id='word_1_282' title='bbox 193 3814 304 3879; x_wconf 90' lang='lat' dir='ltr'><strong>omnia</strong></span> <span class='ocrx_word' id='word_1_283' title='bbox 317 3814 563 3900; x_wconf 81' lang='lat' dir='ltr'><strong>Evangeliorum</strong></span> <span class='ocrx_word' id='word_1_284' title='bbox 575 3817 768 3901; x_wconf 86' lang='lat' dir='ltr'><strong>testimonia,</strong></span> <span class='ocrx_word' id='word_1_285' title='bbox 781 3820 815 3883; x_wconf 91' lang='lat' dir='ltr'><strong>in</strong></span> <span class='ocrx_word' id='word_1_286' title='bbox 829 3818 946 3904; x_wconf 89' lang='lat' dir='ltr'><strong>quihus</strong></span> <span class='ocrx_word' id='word_1_287' title='bbox 959 3815 1114 3880; x_wconf 89' lang='lat' dir='ltr'><strong>miracula</strong></span> <span class='ocrx_word' id='word_1_288' title='bbox 1125 3814 1319 3879; x_wconf 78' lang='lat' dir='ltr'><strong>referuntur.</strong></span> 
     </span>
     <span class='ocr_line' id='line_1_36' title="bbox 193 3915 1322 4003; baseline -0.001 -24"><span class='ocrx_word' id='word_1_289' title='bbox 193 3917 302 4000; x_wconf 81' lang='lat' dir='ltr'><strong>Quam</strong></span> <span class='ocrx_word' id='word_1_290' title='bbox 336 3920 474 4003; x_wconf 87' lang='lat' dir='ltr'><strong>graviter</strong></span> <span class='ocrx_word' id='word_1_291' title='bbox 509 3930 616 3985; x_wconf 90' lang='lat' dir='ltr'><strong>errent</strong></span> <span class='ocrx_word' id='word_1_292' title='bbox 644 3942 708 3985; x_wconf 92' lang='lat' dir='ltr'><strong>non</strong></span> <span class='ocrx_word' id='word_1_293' title='bbox 741 3931 787 3987; x_wconf 89' lang='lat' dir='ltr'><strong>est</strong></span> <span class='ocrx_word' id='word_1_294' title='bbox 811 3919 1107 3986; x_wconf 87' lang='lat' dir='ltr'><strong>demonstrandum.</strong></span> <span class='ocrx_word' id='word_1_295' title='bbox 1135 3917 1212 3999; x_wconf 87' lang='lat' dir='ltr'><strong>Quis</strong></span> <span class='ocrx_word' id='word_1_296' title='bbox 1235 3915 1322 3979; x_wconf 91' lang='lat' dir='ltr'><strong>enim</strong></span> 
     </span>
     <span class='ocr_line' id='line_1_37' title="bbox 192 4018 1319 4111; baseline -0.003 -25"><span class='ocrx_word' id='word_1_297' title='bbox 192 4041 314 4106; x_wconf 85' lang='lat' dir='ltr'><strong>negare</strong></span> <span class='ocrx_word' id='word_1_298' title='bbox 330 4031 433 4107; x_wconf 83' lang='lat' dir='ltr'><strong>potest</strong></span> <span class='ocrx_word' id='word_1_299' title='bbox 451 4023 554 4088; x_wconf 87' lang='lat' dir='ltr'><strong>Deum</strong></span> <span class='ocrx_word' id='word_1_300' title='bbox 575 4044 699 4090; x_wconf 84' lang='lat' dir='ltr'><strong>summe</strong></span> <span class='ocrx_word' id='word_1_301' title='bbox 717 4025 867 4110; x_wconf 85' lang='lat' dir='ltr'><strong>liberum,</strong></span> <span class='ocrx_word' id='word_1_302' title='bbox 892 4033 1055 4111; x_wconf 86' lang='lat' dir='ltr'><strong>petentem</strong></span> <span class='ocrx_word' id='word_1_303' title='bbox 1077 4043 1115 4087; x_wconf 89' lang='lat' dir='ltr'><strong>ac</strong></span> <span class='ocrx_word' id='word_1_304' title='bbox 1135 4018 1319 4106; x_wconf 81' lang='lat' dir='ltr'><strong>providum,</strong></span> 
     </span>
    </p>
   </div>
   <div class='ocr_carea' id='block_1_5' title="bbox 228 4314 582 4424">
    <p class='ocr_par' dir='ltr' id='par_1_7' title="bbox 228 4314 582 4424">
     <span class='ocr_line' id='line_1_38' title="bbox 228 4314 582 4424; baseline 0.014 -18"><span class='ocrx_word' id='word_1_305' title='bbox 228 4314 268 4422; x_wconf 73' lang='lat' dir='ltr'><strong>lt)</strong></span> <span class='ocrx_word' id='word_1_306' title='bbox 279 4355 471 4424; x_wconf 78' lang='lat' dir='ltr'><strong>nepraerortpr.</strong></span> <span class='ocrx_word' id='word_1_307' title='bbox 487 4360 526 4422; x_wconf 79' lang='lat' dir='ltr'><strong>tt,</strong></span> <span class='ocrx_word' id='word_1_308' title='bbox 542 4360 582 4411; x_wconf 80' lang='grc'><strong>17.</strong></span> 
     </span>
    </p>
   </div>
   <div class='ocr_carea' id='block_1_6' title="bbox 0 0 1588 4958">
    <p class='ocr_par' dir='ltr' id='par_1_8' title="bbox 0 0 1588 4958">
     <span class='ocr_line' id='line_1_39' title="bbox 0 0 1588 4958; baseline 0 0"><span class='ocrx_word' id='word_1_309' title='bbox 0 0 1588 4958; x_wconf 95' lang='lat' dir='ltr'><strong> </strong></span> 
     </span>
    </p>
   </div>
  </div>
 </body>
</html>
