3168 4948
307 301 383 343 PARS
397 301 433 343 11.
448 299 542 344 CAPUT
559 304 589 345 V.
605 302 927 354 sequestraremus
944 301 1032 343 rauel
1045 302 1204 349 ansteus,
1253 236 1338 378 ὣ

198 400 255 485 qui
269 396 380 463 dieunt
393 420 467 464 cnm
480 400 738 485 inscriptionibus
753 401 889 465 aliorum
904 398 1052 464 codIcnm
1065 402 1217 487 scriptam
1235 404 1330 469 luisse

196 502 314 586 Ephesi
329 502 413 566 Intra
428 501 508 567 illud
525 504 690 568 biennium
711 505 810 590 (anno
827 502 959 586 55-56),
984 503 1070 587 quod
1094 503 1138 567 ibi
1159 505 1330 591 Apostolus

197 602 402 688 praedicando
428 608 590 690 transegit.
617 606 694 687 Quae
718 607 872 670 sententia
897 615 944 669 est
966 606 1058 668 Marii
1078 607 1231 673 Victorini
1255 610 1327 696 (I),

198 705 341 791 Gregorii
358 708 463 792 Magni
475 718 514 771 ¹ct
529 710 670 794 plurium
687 710 902 773 recentiorum
919 706 980 792 (2)

242 807 273 872 5.
298 809 534 892 Argumentum.
559 811 658 874 Docet
681 810 852 894 Apostolus
874 809 1039 872 hominem
1062 800 1267 898 nequaquam
1289 835 1329 876 ex

198 910 281 993 Lege
299 909 432 995 ejusque
448 911 646 974 caeremoniis
662 911 717 975 sed
731 933 770 974 ex
785 910 848 974 fide
862 910 1012 995 oporibus
1030 911 1330 999 conjunctajustiii·

199 1013 276 1076 cari.
287 1012 393 1093 Quam
405 1015 654 1098 propositionem
668 1025 843 1100 antequam
856 1015 994 1095 evolvat,
1004 1016 1110 1098 primo
1124 1017 1330 1080 commendat

198 1135 290 1178 suam
305 1117 528 1181 auctoritatem
541 1117 699 1203 docetque
717 1140 762 1201 se,
780 1118 928 1203 quamvis
943 1117 1102 1181 Christum
1118 1120 1246 1184 interra
1264 1142 1329 1185 non

199 1227 326 1280 secutus
336 1219 444 1300 fucrit,
459 1220 529 1283 aliis
541 1220 702 1304 Apostolis
715 1240 921 1306 nequaquam
934 1218 1119 1284 interiorem
1134 1242 1213 1304 esse,
1228 1243 1329 1307 quum

199 1317 309 1383 divina
331 1322 526 1385 revelatione
549 1321 733 1386 immediate
767 1344 786 1385 a
816 1321 938 1386 Christo
967 1321 1064 1384 fuerit
1088 1321 1219 1387 edoctus
1244 1327 1329 1388 etin

100 1422 103 1426 ’
199 1423 388 1507 Apostolum
400 1425 543 1508 gentium
557 1426 687 1488 electus.
701 1423 800 1488 Addit
812 1446 845 1487 se
858 1445 948 1488 suam
963 1422 1143 1488 doctrinam
1160 1428 1330 1491 contulisse

199 1545 273 1588 cum
294 1527 364 1590 aliis
379 1527 548 1612 praecipuis
564 1528 735 1611 Apostolis,
750 1528 856 1610 Petro,
875 1525 997 1612 Jacobo
1013 1535 1044 1589 ct
1056 1526 1191 1609 Joannc,
1211 1550 1331 1615 cosque

199 1628 300 1712 ipsam
323 1629 519 1714 probavisse,
534 1653 574 1695 ae
593 1632 723 1695 Petrum
749 1630 881 1716 quidem
895 1631 1012 1713 Legem
1035 1652 1242 1716 nequaquam
1269 1633 1330 1696 lra-

172 1790 175 1793 .
198 1732 304 1807 buisse
317 1741 351 1795 ut
363 1732 403 1796 ad
419 1734 554 1796 salutem
571 1735 796 1816 necessariam,
811 1731 970 1818 siquidem
984 1732 1114 1817 quando
1127 1733 1330 1798 Antiochiam

198 1837 287 1898 venit
302 1837 369 1919 ipsc
384 1857 457 1899 cnm
474 1836 621 1921 gentibus
634 1835 852 1901 manducavit.
873 1834 967 1916 Quod
985 1837 1010 1899 si
1026 1834 1166 1900 adventu
1182 1859 1331 1902 commo·

193 1944 247 1999 'tus
273 1935 496 2001 Judaomma
526 1938 730 2023 lerosolymis
754 1939 949 2003 venientium
974 1938 1087 2000 Petrus
1116 1960 1134 2002 a
1159 1940 1334 2024 gentilibus
1437 1994 1442 2007 ,

196 2042 372 2124 recesserit,
387 2062 426 2104 ex
443 2043 505 2105 hoe
522 2042 607 2106 sacto
632 2064 696 2106 non
714 2044 857 2127 sequitur
872 2042 976 2126 ipsum
995 2040 1191 2127 judicavisse
1210 2043 1327 2128 Iegem

199 2143 421 2225 necessariam,
436 2142 492 2207 sed
505 2144 646 2208 timuisse
662 2166 701 2208 nc
715 2143 829 2208 exinde
844 2142 946 2207 Judaei
959 2143 1213 2229 Jerosolymitani
1227 2145 1330 2209 offen-

198 2243 362 2327 derentur,
381 2248 445 2309 imo
462 2247 581 2310 Paulus
594 2268 689 2311 ansus
706 2257 752 2310 est
765 2247 892 2332 publice
908 2247 937 2309 ei
953 2247 1110 2329 resistere,
1126 2248 1201 2333 quia
1215 2270 1330 2333 reprc-

201 2349 365 2412 hensibilis
401 2359 469 2413 erat
503 2348 590 2435 quod
625 2352 809 2414 mutavisset
844 2370 935 2413 suam
969 2349 1085 2434 agendi
1108 2352 1264 2415 rationem
1288 2351 1332 2415 ob

200 2449 386 2515 Iudaeorum
408 2450 580 2515 adventum
604 2453 696 2539 (I-II,
722 2453 787 2537 lh).
812 2451 933 2517 Deinde
956 2451 1050 2516 docet
1073 2453 1242 2537 Apostolus
1268 2454 1331 2519 ho—

202 2554 321 2617 minem
335 2553 501 2640 justificari
520 2577 578 2639 per
594 2555 690 2620 fidem
710 2557 741 2619 in
760 2556 930 2638 Christum,
945 2576 1009 2618 non
1026 2575 1084 2639 por
1108 2555 1198 2639 Iegis
1216 2555 1330 2619 obser·
1446 2566 1456 2587 s

202 2658 354 2738 tantiam,
370 2656 458 2742 quod
471 2658 567 2722 variis
579 2659 775 2742 argumentis
789 2657 905 2742 probat
916 2658 972 2744 (II,
993 2657 1087 2741 th,
1104 2658 1169 2742 15).
1186 2658 1331 2742 Denique

201 2758 329 2843 Galatas
353 2760 498 2822 hortatur
520 2758 562 2823 ad
582 2759 823 2846 amplectendas
840 2761 982 2842 virtutes,
1005 2760 1145 2845 vitiaque
1163 2758 1328 2845 fugienda,

7 2830 9 2871 A
120 2911 122 2915 «
202 2862 406 2928 commendat
429 2885 525 2948 porro
549 2865 737 2929 charitatem
766 2866 799 2929 in
823 2864 1006 2949 proximum
1030 2871 1061 2925 et
1083 2884 1192 2925 rursus
1216 2864 1331 2947 repetit

201 2986 292 3029 suam
305 2966 554 3050 propositionem
571 2990 579 3030 τ
594 2969 626 3031 in
638 2967 761 3031 Christo
777 2967 899 3030 nnllam
917 2966 982 3029 vim
999 2965 1121 3028 habere
1137 2987 1242 3051 neque
1264 2966 1331 3029 cir-

201 3068 429 3133 cumcisionem
448 3090 553 3155 ncque
568 3070 772 3154 praeputium,
788 3068 844 3132 sed
861 3089 976 3154 novam
991 3077 1171 3132 creaturam
1188 3068 1272 3153 (VI).

483 3305 569 3371 VIII.
596 3307 641 3368 De
664 3305 803 3390 Epistola
825 3307 866 3369 ad
886 3305 1046 3391 Ephesios.

247 3516 456 3628 lAEphesus,
483 3540 565 3605 Asiae
589 3541 829 3606 Proconsularis
852 3544 1049 3626 metropolis,
1075 3545 1195 3628 templo
1221 3545 1330 3609 Dianae

201 3644 424 3724 celeberrima,
442 3644 548 3728 prima
558 3641 711 3708 doctrinae
724 3644 902 3707 christianae
914 3645 1034 3708 semina
1048 3648 1170 3729 accepit
1182 3668 1201 3709 a
1214 3645 1327 3728 Paulo,

201 3745 332 3831 quando
348 3746 438 3810 divus
455 3745 624 3831 Apostolus
642 3769 734 3810 suum
751 3747 920 3811 absolvens
938 3747 1115 3811 secundum
1132 3749 1191 3811 iter
1206 3759 1331 3832 aposto·

201 3851 299 3914 licum
317 3870 377 3936 per
396 3871 467 3913 eam
490 3849 604 3914 urbem
630 3851 762 3932 transiit,
785 3860 819 3913 ut
841 3850 915 3914 inde
939 3851 1169 3936 Jcrosolymam
1194 3871 1227 3913 se
1248 3871 1330 3914 eon-

234 4143 270 4205 (l)
281 4142 329 4206 Ap.
342 4143 400 4193 Ital.
412 4142 509 4207 Sertpt.
527 4146 576 4191 oet.
591 4153 651 4192 nov.
664 4142 723 4193 cotl.
735 4149 755 4192 t.
772 4141 814 4203 tlt,
827 4141 857 4203 ll,
871 4155 896 4205 p.
913 4142 936 4192 l.

233 4222 269 4287 (ἲ)
285 4222 599 4275 Vid.Gtaire1atrodaet.
618 4230 637 4274 t.
657 4224 687 4286 V,
701 4236 754 4288 esp.
771 4223 812 4285 tv,
826 4229 874 4274 art.
892 4224 927 4281 l.;
948 4223 992 4273 nbi
1012 4223 1086 4274 rartae
1103 4224 1236 4276 sententie
1249 4236 1331 4288 expo-

200 4314 306 4359 nuutnr.
