3132 4964
392 277 469 321 runs
487 277 511 319 1.
530 277 624 318 curor
638 278 703 320 xrx.
719 277 757 317 un
769 276 944 318 rnounnrns
957 276 1058 318 rsnrn.
1233 255 1292 320 151

163 377 289 461 pariter
308 377 416 440 omnia
433 375 582 439 vaticinia
602 326 766 479 vindicat]
773 374 893 438 Auctor
911 372 1042 438 secundi
1060 372 1133 436 libri
1151 373 1294 459 Porolip.

164 480 302 563 XXXII,
323 479 367 542 52
380 486 535 564 provocat
556 475 599 541 ad
622 478 770 541 vaticinia
794 478 894 540 Isaiae.
916 476 1045 561 Reliqua
1064 487 1164 539 autem
1178 497 1298 540 sermo-

165 604 244 644 rutm
267 581 447 645 Ezechiae...
472 582 585 664 scripto
602 592 675 643 aunt
698 582 730 641 in
755 582 867 643 uitione
884 581 974 644 Isoiae
988 578 1164 663 Prophetae.
1181 578 1298 643 Eccle-

166 685 312 749 siasticus
335 684 478 766 XLVIII,
504 682 609 746 25-28
625 682 692 745 ait:
711 682 810 745 Ionios
833 682 980 766 propheto
999 703 1137 766 mopnno,
1154 691 1182 745 et
1196 679 1299 766 fidelia

76 842 80 847 .
168 790 203 849 io
228 797 383 871 conspectu
404 786 504 848 Dei...
532 784 653 869 Spiritu
676 806 785 868 rtrupoo
809 785 883 847 uidit
905 784 1013 846 altimo
1037 806 1073 846 τα
1096 804 1220 867 repara,
1245 803 1299 846 res

169 889 362 969 Messianas,
393 898 420 950 et
441 885 610 950 consolatus
632 898 675 950 est
703 886 836 970 tepenter
864 888 895 948 io
919 886 1005 949 Sion.
1036 887 1135 971 Usque
1159 889 1191 951 io
1214 907 1298 950 eem-

164 993 324 1077 piteraum
343 989 471 1055 oruata
491 988 599 1074 futuro
622 1000 650 1052 ct
664 988 837 1052 abscondita
851 1000 1013 1072 antequa-m
1028 979 1209 1073 euenirent]
1218 988 1299 1070 Quae

169 1091 270 1158 verba
281 1092 393 1178 utique
403 1112 469 1155 non
482 1090 623 1175 priorem
639 1098 762 1153 tantum
777 1088 832 1153 scd
851 1098 882 1152 et
900 1090 1109 1173 posteriorem
1127 1089 1297 1154 vaticinio-

169 1216 244 1258 rum
260 1195 348 1258 lsaiae
364 1204 489 1279 partem
509 1194 595 1257 clare
618 1190 797 1277 designant.
822 1191 942 1255 Eodem
960 1192 1028 1255 lere
1047 1201 1191 1276 tempore
1209 1192 1298 1254 Isaiae

170 1297 321 1362 vaticinia
333 1294 394 1360 suh
410 1293 479 1381 ejus
494 1295 623 1358 nomine
639 1295 672 1357 in
693 1295 836 1379 linguam
853 1314 990 1378 graeoam
1008 1292 1296 1357 transferebantur.

170 1402 243 1464 Imo
270 1397 325 1463 din
347 1408 453 1481 antea,
478 1407 623 1482 tempore
647 1398 768 1461 scilicet
798 1398 999 1482 captivitatis,
1024 1406 1059 1460 ut
1082 1396 1180 1460 refert
1202 1396 1298 1460 lose-

171 1505 256 1590 phus
267 1503 327 1589 (l),
346 1503 428 1567 liber
441 1502 530 1566 Isaiae
544 1501 624 1586 Cyro
640 1503 706 1587 regi
719 1510 861 1565 ostensus
873 1500 933 1565 luit
948 1512 981 1565 et
993 1498 1125 1586 quidem
1137 1501 1191 1563 ille
1209 1500 1300 1564 locus

172 1607 205 1669 in
223 1627 286 1692 quo
300 1606 397 1691 Cyrus
409 1604 539 1689 proprio
555 1604 684 1668 nomine
697 1604 907 1688 compellatur
919 1604 1108 1688 futurusque
1124 1603 1299 1666 multarum

172 1709 338 1772 nationum
353 1729 410 1771 rcx
425 1716 460 1770 et
468 1707 625 1791 populum
641 1706 698 1769 Dei
714 1728 733 1770 a
747 1706 927 1790 captivitate
945 1705 1136 1769 lrhcraturus
1148 1702 1299 1789 praedici-

172 1820 236 1876 tur.
253 1811 323 1876 Iloc
335 1821 442 1876 autem
454 1811 640 1875 vaticinium
652 1811 811 1895 reperitur
827 1812 860 1874 in
875 1813 918 1874 lo.
937 1810 1032 1892 XLV,
1050 1807 1197 1895 adeoque
1209 1810 1243 1871 in
1259 1830 1297 1872 ea

173 1922 264 1998 parte
288 1935 387 1999 quam
408 1913 547 1977 maxime
571 1911 962 1998 impugnantadversarii.
974 1910 1025 1975 Ad
1037 1912 1100 1975 hoc
1112 1909 1298 1974 vaticinium

173 2013 286 2079 alludit
309 2016 377 2101 ipsc
394 2017 492 2102 Cyrus
512 2016 546 2079 in
565 2014 670 2081 edicto
689 2015 855 2080 solutionis
874 2014 1063 2099 captivitatis
1082 2012 1297 2098 Babylonica,

172 2115 260 2204 quod
289 2119 428 2182 refertur
457 2120 477 2180 1
500 2119 593 2185 liade.
625 2119 652 2201 l,
682 2119 702 2181 2
730 2128 761 2182 et
789 2119 822 2180 in
843 2138 908 2202 quo
925 2117 1023 2202 Cyrus
1047 2114 1122 2180 dicit
1147 2138 1156 2178 z
1183 2114 1300 2180 Omnia

172 2241 264 2305 repro
290 2230 378 2284 terro
391 2220 473 2284 dedit
494 2219 572 2283 natta·
583 2220 734 2283 Domina
749 2220 831 2282 nan
853 2215 919 2281 culi
933 2230 961 2280 et
979 2217 1044 2301 ipsc
1064 2218 1205 2301 pracepit
1220 2213 1300 2278 mitt

170 2334 203 2386 ut
221 2323 403 2406 adipicorem
427 2325 456 2386 ei
476 2323 597 2387 domum
621 2324 653 2384 iu
676 2321 859 2385 umentem.
881 2320 1011 2384 Nullum
1030 2328 1139 2383 autem
1157 2318 1300 2383 noscitur
1352 2338 1358 2353 ¹

170 2426 349 2508 oraculum,
364 2447 428 2512 quo
449 2426 721 2510 talepraeceptum
734 2424 814 2509 Cyro
831 2425 1027 2508 imponatur,
1043 2423 1101 2487 nisi
1116 2419 1197 2487 illud
1210 2419 1299 2507 quod

167 2529 211 2592 Ie.
260 2527 328 2593 nv
380 2527 432 2593 LV
452 2529 579 2613 legitur.
1303 2512 1354 2696 ίΟ
1398 2506 1459 2662 sp
1482 2490 1541 2663 5

116 2628 182 2729 [ιι]
210 2527 306 2745 libr
334 2622 495 2701 treaialii
515 2630 763 2715 Prophetrenon
779 2630 877 2693 semel
894 2638 1069 2714 provocant
1084 2626 1126 2692 ad
1144 2649 1181 2691 ea
1199 2628 1297 2691 etiam
1328 2600 1411 2665 Α)
1466 2628 1519 2681 ἲ..

171 2733 261 2796 Isaiae
276 2733 425 2797 vaticinia
450 2754 521 2818 quae
544 2734 576 2795 in
598 2734 774 2818 posteriore
798 2741 887 2817 parte
908 2731 1152 2796 habentur.'Sic
1171 2729 1299 2794 Zacha-
1406 2754 1410 2761 ⁴

174 2837 236 2900 rias
260 2835 331 2918 VII,
357 2836 419 2899 t-7
443 2833 681 2921 reprehendens
700 2833 884 2902 Judaeorum
898 2833 1023 2918 jejunia
1045 2834 1155 2896 asserit
1170 2831 1255 2896 idem
1280 2853 1300 2895 a

175 2939 341 3022 Prophetis
370 2938 492 3003 lactum
522 2948 695 3023 antequam
723 2939 813 3001 Jeros
835 2937 918 3021 lyma
939 2937 1187 3018 subverteretur,
1212 2933 1300 3020 quod

174 3037 288 3102 nullibi
309 3039 368 3102 nisi
390 3039 422 3102 in
443 3039 487 3103 Is.
512 3038 624 3122 LVIII,
643 3039 664 3102 5
680 2960 930 3144 legimugllahn
950 3047 981 3101 et
997 3036 1122 3101 Reinlre
1140 3037 1241 3099 multa
1262 3057 1301 3098 ex

173 3139 325 3223 Ieremia,
338 3162 376 3213 en
388 3141 516 3204 Nahum
531 3150 613 3205 etex
625 3132 769 3222 Michera,
783 3139 961 3203 testimonia
972 3137 1172 3220 indicantur
1184 3136 1303 3223 quihus

175 3242 247 3319 eolli
272 3243 279 3256 '
298 3252 401 3327 potest
416 3244 504 3309 Isaiae
518 3243 666 3307 vaticinia
679 3262 750 3327 qua
762 3242 991 3327 impugnantur
998 3238 1070 3326 jam
1086 3240 1222 3304 extitisse
1238 3241 1298 3325 (2).
1347 3262 1384 3351 p*
1462 3278 1469 3305 ,-
1485 3274 1503 3320 r

137 3336 205 3436 (rat
286 3312 539 3449 uKnovoautem
558 3346 758 3409 Testamento
779 3345 926 3409 vaticinia
946 3345 1035 3409 lsaiae
1053 3345 1098 3409 itu
1115 3344 1303 3430 frequenter
1333 3366 1346 3379 ⁶
1407 3326 1413 3341 ⁶
1448 3428 1452 3433 .
1489 3344 1496 3353 '

176 3445 235 3509 sub
247 3447 317 3531 ipso
329 3448 418 3510 Isaiae
431 3450 560 3523 n'omine
569 3448 750 3531 allegantur
758 3455 794 3509 ut
805 3445 1004 3511 fastidiosum
1016 3446 1055 3509 sit
1063 3446 1134 3533 loca
1145 3442 1301 3508 indicare.
1422 3438 1464 3535 4'4

176 3549 252 3632 Ipse
270 3548 412 3613 Christus
428 3547 536 3613 divina
554 3570 610 3613 sua
628 3550 815 3613 auctoritate
838 3549 910 3613 lites
928 3549 1051 3612 suturas
1070 3523 1279 3642 diremitlapu
1380 3562 1405 3630 ’ῃ
1427 3604 1449 3619 ,,
1481 3558 1497 3615 ,’

177 3650 259 3735 [ιω.
278 3651 336 3734 IV,
362 3652 476 3716 tuat.
502 3652 579 3716 Cum
606 3653 703 3734 enim,
728 3652 831 3736 inquit
854 3652 1066 3736 Evangelista,
1089 3650 1193 3731 lesus,
1209 3646 1304 3733 juxta
1369 3644 1467 3726 efi-
1530 3640 1534 3649 ⁵

179 3751 440 3819 consuetudinem
464 3754 612 3818 suumin
638 3773 833 3839 synagogam
859 3754 1016 3836 intrasset,
1041 3749 1175 3816 traditus
1203 3758 1249 3813 est
1273 3749 1303 3812 ei
1383 3735 1506 3841 'osmi

179 3852 359 3919 liherlsaiae
372 3857 551 3942 Propheta,
567 3877 664 3942 quem
679 3877 752 3919 cum
765 3857 960 3939 revolvisset,
974 3856 1050 3941 legit
1066 3851 1302 3939 aliquosversi-
1368 3868 1406 3929 u*
1425 3842 1446 3921 ῥ’
1492 3854 1496 3869 “

181 3956 266 4021 culos
289 3978 361 4043 qua
383 3957 542 4023 hahentur
568 3960 601 4023 in
625 3979 696 4043 cap.
717 3958 798 4042 LXI,
824 3969 855 4023 et
877 3958 957 4023 dixit
979 3982 987 4022 ι
1007 3957 1134 4043 Impleto
1152 3966 1198 4023 ,est
1216 3953 1305 4019 lodie
1378 3942 1497 4058 4‘2'4
1524 3938 1530 3946 ’

212 4204 247 4268 (t)
261 4204 388 4270 antiquit.
398 4204 441 4268 XI,
455 4207 477 4256 t.
497 4206 549 4257 Cir.
565 4207 642 4257 etiam
653 4206 782 4273 Antiqutt.
796 4206 828 4268 ll,
840 4205 866 4258 2.

194 4338 196 4344 ,
209 4286 248 4350 a)
260 4287 317 4338 vid.
327 4287 433 4349 Iteinle,
444 4288 498 4363 lc.
515 4302 540 4352 p.
554 4289 676 4363 nouae.
