3166 4958
366 320 441 365 raas
456 322 491 366 n.
505 319 598 363 carna
613 320 649 361 u.
669 320 706 363 nn
721 320 890 364 arenauno
905 321 931 364 s.
946 321 1100 367 urrann.
1234 304 1297 368 225

167 428 229 492 sibi
254 422 493 504 contradixisse,
515 419 663 485 admittas
686 440 813 483 necesse
834 429 881 484 cst
903 422 1112 508 Evangelium
1135 423 1296 487 secundum

167 528 344 593 Matthaeum
379 525 465 590 idom
493 545 561 588 esse
591 544 664 588 cum
687 523 859 608 Evangelio
883 526 1045 589 secundum
1071 526 1228 595 Hebrmos,
1250 525 1297 590 Ne

167 641 277 696 autem
295 648 414 713 anceps
430 629 552 691 haereas
567 625 643 689 audi
661 625 876 710 Epiphaniam
894 627 943 711 (l)
962 649 970 690 ε
992 654 1006 686 «
1027 629 1235 714 Evangelium
1251 628 1297 692 illi

167 733 302 822 quidem
317 732 480 797 secandum
498 728 673 796 Matthoeum
688 727 870 821 admittunt,
889 750 953 815 quo
971 731 1050 813 solo,
1073 731 1297 796 Cerinthiano-

167 859 244 903 rum
256 838 308 902 vel
320 835 606 899 Merinthianorum
622 833 731 915 instar,
746 841 889 912 utuntur,
905 831 1002 918 idque
1018 833 1123 918 ipsum
1133 834 1297 898 secundum

79 1007 82 1011 ,
169 941 312 1006 Hebraeos
325 939 500 1024 appellant,
514 937 639 1007 Etenim
652 956 728 999 vere
741 932 821 1000 illud
833 933 994 1000 affirmare
1006 958 1185 1021 possumus,
1195 957 1297 1000 unum

169 1065 212 1108 ex
236 1042 384 1106 omnibus
408 1039 482 1103 novi
505 1037 695 1105 Testamenti
718 1037 923 1122 scriptoribus
945 1039 1128 1103 Matthaeum
1146 1038 1297 1103 hebraice

170 1167 212 1210 ac
235 1144 344 1209 litteris
367 1143 526 1208 hebraicis
550 1141 770 1226 euangelicam
792 1141 956 1205 historiam
977 1144 1122 1206 texuisse.
1148 1142 1229 1206 »Ex
1248 1143 1297 1206 bis

170 1247 381 1312 certissimum
409 1246 443 1309 fit
470 1244 679 1329 Evangelium
704 1244 866 1308 secandum
890 1243 1033 1308 Hebroeos
1054 1242 1141 1308 idem
1168 1265 1297 1329 prorsus

170 1351 270 1415 fuisse
292 1371 330 1414 ae
350 1348 537 1412 hebraicum
554 1347 692 1410 Matthaei
716 1346 935 1430 archetypum.
954 1345 1128 1411 Differebat
1148 1355 1256 1410 tamen·
1278 1367 1297 1409 a

170 1474 276 1539 graeco
296 1461 405 1533 textu,
429 1451 503 1536 quia
524 1448 566 1513 ab
595 1450 659 1513 istis
682 1449 837 1513 haereticis
859 1450 1002 1514 vitiatum
1026 1450 1142 1533 fuerat,
1167 1444 1296 1532 additis,

171 1555 305 1621 sublatis
317 1563 373 1619 aut
384 1547 558 1618 immutatis
573 1552 719 1637 pluribus
731 1553 821 1635 locis,
837 1561 872 1616 ut
886 1553 953 1638 ipse
968 1552 1164 1638 Epiphanius
1177 1551 1295 1617 subdit,

174 1683 191 1718 a
213 1659 250 1721 In
266 1679 316 1740 eo,
334 1657 450 1742 inquit,
468 1654 556 1741 quod
573 1677 671 1741 penes
686 1655 757 1718 illos
781 1663 828 1718 est
840 1655 1025 1740 Evangelio,
1044 1672 1240 1740 quamquam
1258 1675 1298 1718 ne

172 1761 334 1844 integrum
350 1756 482 1844 quidem
498 1754 578 1821 illud
596 1755 750 1839 habeant,
771 1754 828 1819 sed
843 1754 1058 1820 adulteratum
1080 1778 1119 1821 ac
1134 1756 1296 1838 mutilum,

172 1861 273 1948 idque
303 1863 408 1946 ipsum
430 1859 619 1924 hebraicum
642 1867 769 1941 vocant,
796 1859 840 1923 ita
861 1859 1014 1944 scriptum
1036 1868 1122 1923 estm
1143 1885 1158 1920 »
1188 1859 1300 1923 Refert

88 2002 92 2005 ·
172 1966 373 2051 Epiphanius
384 1964 527 2049 aliquam
539 1963 818 2048 interpolationem
831 1961 872 2026 dc
890 1963 1056 2026 vocatione
1071 1962 1298 2047 Apostolorum

172 2078 207 2132 et
220 2068 323 2154 pergit
342 2090 350 2130 ε
370 2092 385 2126 a
403 2067 612 2152 Evangelium
628 2067 758 2133 illorum
775 2066 821 2129 sic
836 2065 946 2150 incipit
962 2088 970 2129 ε
989 2068 1114 2129 Factum
1126 2077 1169 2129 est
1186 2067 1219 2140 in
1233 2065 1299 2128 die-

171 2170 228 2234 bus
240 2169 381 2243 Herodis,
395 2164 479 2253 ‘repis
497 2168 623 2240 latae
640 2179 673 2230 ut
691 2169 804 2230 veniret
822 2168 957 2231 loannes
977 2166 1135 2251 baptizans
1152 2165 1299 2251 baptismo

171 2274 400 2356 penitentium
418 2271 554 2335 lordono
568 2270 661 2356 {lunio
674 2269 797 2355 (narrt.
812 2269 870 2352 ΙΙΙ,
885 2267 932 2355 l),
947 2278 1007 2334 etc.
1025 2295 1041 2330 »
1054 2268 1252 2333 Narrabatur
1267 2268 1300 2332 in

171 2375 232 2438 isto
251 2373 423 2458 Evangelio
440 2374 545 2437 lucem
562 2373 723 2458 ingentem
746 2373 780 2436 in
798 2370 940 2436 Jordane
956 2371 1121 2456 affulsisse,
1140 2372 1245 2436 statim
1261 2392 1301 2436 ac

171 2476 315 2563 Christus
332 2476 508 2561 baptizatus
525 2476 596 2541 fuit.

217 2579 270 2643 to.
293 2580 339 2642 Ex
357 2580 405 2643 his
431 2579 579 2644 omnibus
602 2576 825 2643 concludimus
846 2580 1057 2665 Evangelium
1080 2581 1302 2645 Nazareorum

171 2692 205 2747 et
220 2682 453 2766 Ebionitarum,
470 2682 633 2747 amandum
649 2683 790 2748 Hebraeos
813 2681 948 2766 dictum,
971 2685 1093 2769 origine
1117 2705 1182 2748 non
1206 2684 1302 2747 luisse

171 2781 263 2848 aliud
279 2785 337 2848 nisi
353 2785 459 2869 ipsum
475 2784 613 2848 Matthaei
629 2793 762 2867 textum,
785 2785 893 2869 lingua
909 2784 1302 2869 aramaica-palaestinensi

173 2895 352 2964 exaratum,
362 2885 426 2968 cui,
435 2883 618 2948 labentibus
631 2885 736 2967 annis,
747 2887 848 2949 multa
859 2885 949 2948 fuere
962 2906 1000 2948 ex
1013 2882 1182 2949 traditione
1193 2883 1302 2950 addita

172 3008 192 3050 a
207 2987 398 3070 christianis,
413 2987 507 3071 plura
519 2996 628 3050 autem
640 2988 807 3050 immutata
819 2997 874 3050 aut
887 2988 983 3052 ctiam
998 2986 1106 3051 ablata
1122 2988 1164 3052 ab
1176 2989 1302 3051 hereti·

172 3090 231 3153 cis.
250 3088 334 3154 Hinc
353 3089 463 3152 Patres
480 3109 592 3174 parem
616 3089 673 3174 ipsi
695 3109 760 3153 non
784 3088 968 3153 tribuebant
991 3089 1211 3153 auctoritatem
1227 3108 1302 3153 cnm

173 3199 263 3254 textu
280 3191 418 3255 Matthaei
440 3211 557 3276 greco.
582 3191 677 3273 «Qui
701 3189 883 3274 crediderit,
908 3191 1011 3276 inquit
1030 3189 1121 3255 divus
1143 3192 1303 3276 Hierony-

174 3311 248 3355 mus
259 3292 319 3377 (Ι),
328 3293 515 3376 Evangelio,
525 3290 613 3378 quod
622 3293 781 3357 secundum
796 3291 937 3357 Hebraeos
949 3291 1070 3357 editum
1084 3316 1186 3380 nuper
1199 3292 1303 3358 trans·

153 3390 317 3558 'tulimup
340 3421 355 3456 »
373 3396 443 3459 lmo
464 3397 611 3460 nonnulli
628 3394 713 3481 apud
733 3394 905 3460 Eusebium
926 3395 1007 3460 illud
1022 3397 1103 3461 inter
1120 3399 1303 3485 apocrypha

175 3494 286 3581 reJicie
311 3505 377 3560 ant.

209 3733 245 3796 (l)
256 3725 327 3785 ΗΜ.
341 3732 416 3794 xxx,
428 3734 454 3795 ὅ,
473 3734 513 3785 ts.

207 3814 243 3881 (2)
257 3815 397 3866 Commeat.
417 3816 445 3865 in
461 3814 541 3871 Micl.
556 3817 608 3878 Vll,
624 3816 648 3867 b.
666 3817 833 3881 Hieronymus
846 3817 975 3879 nonnulla,
991 3832 1049 3882 quae
1060 3820 1085 3869 in
1104 3819 1151 3870 hoc
1168 3819 1303 3883 Evangelio
1424 3844 1427 3849 ·

171 3896 378 3958 inveniebantur,
392 3897 452 3947 alibi
467 3904 552 3950 autem
566 3901 679 3960 deerant,
692 3899 769 3949 refert
782 3898 818 3950 De
830 3899 881 3948 cir.
899 3899 937 3950 itt.
952 3899 977 3959 ἲς
999 3900 1100 3951 Contra
1119 3901 1202 3965 Pelop.
1216 3899 1257 3962 ΙΙΙ,
1276 3900 1301 3956 n

170 3981 204 4032 ln
215 3980 251 4030 ls.
263 3978 307 4040 ΙΙΙ,
319 3980 343 4042 Ι;
356 3979 408 4040 XL,
419 3979 448 4046 93
460 3980 493 4034 lo
501 3981 581 4032 Mieh.
595 3981 647 4042 Vll,
659 3981 829 4045 631rtheclr.
843 3980 927 4044 llVlll;
938 3981 970 4032 la
983 3982 1075 4033 ΜαΙΙΙ.
1087 3982 1129 4045 Vl,
1143 3983 1182 4046 ΙΙ,
1194 3982 1247 4047 ΧΙΙ,
1261 3984 1301 4047 Ιὸ;

171 4059 261 4124 xxltt,
279 4061 321 4123 355
333 4059 429 4124 xxvll,
442 4061 482 4124 16,
497 4062 539 4125 513
553 4063 586 4114 In
597 4063 682 4130 Epist.
698 4065 735 4114 ud
749 4063 843 4130 Ephrs.
858 4063 890 4126 V,
900 4064 926 4115 l.
