3166 4958
280 304 355 346 PARS
370 304 405 347 11.
421 303 514 346 CAPUT
530 304 577 346 111.
593 303 630 344 DE
647 301 771 343 oatoltta
783 301 818 342 ET
830 301 989 346 Avcrontr.
1007 306 1049 348 tv.
1065 303 1194 347 avando.
1241 285 1304 348 257

221 404 273 466 22.
300 404 346 466 Ex
368 402 416 465 his
438 401 586 475 omnibus
606 401 678 463 luce
708 398 823 462 clarius
852 408 937 483 patet
960 400 992 464 S.
1014 403 1173 466 Justinum
1200 405 1301 489 origi·
1347 418 1349 422 ‘

169 526 250 569 nem
271 504 479 590 apostolicam
499 512 679 567 nostrorum
697 502 944 586 Evangeliorum
965 525 1062 588 quam
1093 505 1300 569 certissimam

167 605 346 689 hahuisse,
377 603 592 690 eumdemque
618 604 713 689 plauc
742 612 860 667 textum
883 605 1069 690 allegavisse
1094 628 1189 693 quem
1213 631 1299 672 nunc

167 708 342 772 habemus.
357 708 463 789 Quare
477 708 590 770 merito
603 707 650 769 De
665 707 773 770 Wctte
786 705 846 790 (l),
861 710 1007 792 quamvis
1022 718 1053 772 et
1069 709 1136 794 ipse
1147 706 1299 795 Evange-

167 811 224 873 liis
240 811 392 892 infensus,
411 830 523 873 eorum
543 809 731 872 seutentiam
749 807 851 894 rejicit
874 812 929 896 qui
954 811 1005 874 vel
1028 832 1102 875 cum
1118 812 1299 898 Schwegler

167 923 282 977 tenent
295 914 453 977 lustinum
480 912 546 976 solo
563 911 735 997 Evangelio
758 912 918 975 secondum
934 912 1085 978 Hehraeos
1101 936 1196 979 usum
1215 937 1293 998 esse,

167 1020 225 1083 vel
238 1038 310 1082 cum
323 1017 412 1081 Storr
426 1025 535 1080 tenent
546 1016 565 1079 J
567 1016 706 1079 ustinum
721 1036 814 1078 usum
828 1037 895 1080 esse
908 1018 1016 1101 aliqua
1033 1019 1120 1082 istius
1134 1020 1298 1105 Evangelii

168 1142 247 1185 cum
270 1121 325 1184 illo
349 1120 441 1184 Lucae
468 1117 713 1199 concordantia,
735 1118 787 1181 vel
814 1139 888 1182 cum
911 1119 1011 1183 Paulo
1036 1120 1297 1206 Heidelbergensi

166 1225 280 1310 aliqua
292 1221 518 1289 concordantia
532 1222 728 1307 evangelica,
738 1223 789 1284 vel
803 1243 876 1286 cum
888 1222 991 1287 Zeller
1003 1225 1112 1310 aliquo
1124 1225 1297 1309 Evangelio

166 1328 347 1412 Synopticis
363 1328 533 1409 anteriore,
542 1326 593 1391 vol
606 1346 680 1389 cum
697 1326 859 1389 Eichhorn
873 1328 1002 1410 speciali
1016 1329 1189 1412 Evangelio
1206 1329 1296 1391 mul-

166 1437 240 1491 tum
258 1429 404 1493 Matthaeo
427 1440 457 1493 et
473 1429 567 1493 Lucae
585 1427 684 1509 affini,
705 1436 736 1491 ot
752 1438 838 1493 recte
857 1451 930 1493 cum
954 1432 1118 1495 catholicis
1136 1430 1297 1496 concludit

167 1528 401 1595 admittendam
423 1518 628 1617 antiquorum
652 1532 840 1595 sententiam
861 1533 915 1616 qui
939 1530 1055 1597 docent
1079 1533 1111 1597 S.
1134 1534 1293 1598 lustinum

166 1646 277 1699 nostra
295 1638 449 1701 canonica
468 1636 641 1720 Evangelia
657 1635 855 1718 allegavisse.

215 1739 267 1803 25.
286 1741 443 1812 Totionua,
456 1739 578 1823 origine
591 1738 686 1824 Syrus
697 1737 750 1801 vcl
762 1736 905 1822 Assyrius
918 1746 1014 1823 atque
1027 1738 1059 1801 S.
1073 1739 1186 1802 Justini
1201 1738 1296 1804 disci-

168 1842 277 1925 pulus,
297 1861 337 1903 ex
361 1849 497 1927 quatuor
519 1839 698 1924 Evangeliis
718 1859 818 1902 unum
838 1838 970 1920 fecerat,
997 1838 1084 1925 quod
1105 1836 1297 1929 durcooapua

132 2007 135 2013 ,
166 1952 352 2026 vocaverat,
373 1943 436 2007 hoc
451 1944 519 2028 ipso
536 1943 665 2006 nomine
678 1950 794 2004 testans
812 1950 950 2025 quatuor
967 1962 1034 2005 esse
1049 1943 1234 2027 Evangelia.
1258 1946 1295 2008 ln

167 2045 255 2109 hanc
278 2045 399 2109 Tatiani
422 2045 625 2108 harmoniam
643 2042 873 2126 evangelicam,
891 2063 962 2127 quae
980 2052 1122 2128 tempore
1143 2045 1295 2110 'lhcodo-
1385 2094 1389 2102 .

167 2150 230 2213 reti
249 2148 297 2234 (2)
324 2150 358 2213 in
388 2147 457 2235 ejus
487 2147 612 2212 dioecesi
642 2145 748 2210 adhuc
778 2146 919 2209 omnium
945 2146 1093 2210 manibus
1117 2148 1291 2229 terebatur,

167 2254 399 2318 commentaria
424 2252 523 2317 edidit
544 2252 576 2315 S.
597 2252 795 2336 Ephraemus,
816 2271 886 2336 quae
904 2250 946 2313 ab
969 2251 1030 2314 illis
1055 2252 1186 2316 vocibus
1210 2253 1293 2317 inci-

165 2355 283 2439 piunt:
303 2357 341 2417 In
353 2357 505 2440 principio
529 2365 593 2416 crat
615 2352 757 2424 Verbum,
777 2361 811 2414 ut
834 2361 965 2416 testatur
989 2353 1153 2437 Dionysius
1173 2354 1293 2421 Barsa-

164 2457 226 2521 lihi
239 2457 300 2542 (5).
318 2459 355 2521 ln
373 2455 519 2522 Oratione
531 2456 571 2519 nd
584 2455 712 2526 Gracco,
727 2454 875 2518 Tatianus
893 2455 951 2518 tria
968 2453 1135 2519 dumtaxat
1149 2456 1291 2541 Scriptu-

164 2582 278 2625 rarum
292 2561 470 2624 testimonia
485 2558 644 2646 producit,
659 2578 796 2643 quorum
810 2557 874 2623 duo
887 2556 926 2621 ad
941 2560 1148 2644 Evangelium
1161 2561 1293 2624 loannis

164 2665 327 2749 pertinent
340 2663 402 2750 (4).
619 2737 621 2742 ,

210 2767 263 2829 24.
283 2765 506 2850 Athenoporoe,
530 2765 665 2849 scriptor
681 2754 816 2848 coaevus,
839 2787 935 2849 parce
951 2765 1120 2850 Scripturis
1140 2768 1238 2829 utitur
1259 2768 1291 2830 in

161 2870 326 2952 leontione
343 2890 400 2952 pro
420 2868 593 2931 christianis
614 2876 645 2930 ct
663 2867 880 2951 Evangelistas
899 2888 962 2930 non
982 2867 1136 2949 nominat3
1160 2865 1290 2930 adducit

162 2979 273 3033 tamen
289 2969 387 3034 veluti
403 2991 442 3033 ex
454 2965 625 3055 ¹Scriptura
643 2979 781 3055 quatuor
793 2970 930 3032 Matthaei
948 2968 1042 3033 effata
1058 2968 1118 3054 (5).

211 3073 263 3137 25.
290 3073 379 3137 Alius
401 3070 546 3159 ejusdem
571 3073 668 3136 aetatis
691 3074 837 3157 scriptor,
866 3070 1058 3156 Theophilus,
1083 3071 1289 3135 Antiochenae

160 3264 241 3317 refert
253 3264 408 3327 prophetiam
420 3263 499 3315 Zuch.
513 3262 566 3324 llll,
580 3264 610 3314 to
622 3277 672 3314 non
690 3264 816 3326 quomodo
833 3261 896 3311 Lxx
908 3262 952 3311 sed
965 3262 1092 3325 quomodo
1104 3261 1211 3311 ioannes
1225 3261 1288 3322 ΧΙΧ,

159 3349 204 3398 57.
219 3345 270 3397 Cir.
283 3345 467 3405 Tischeodori„
485 3345 571 3394 trano
587 3348 695 3395 tourrten
708 3358 799 3395 utrarre
820 3345 916 3404 Eronp.
935 3344 1060 3408 vrrsoszt,
1073 3357 1097 3406 p.
1114 3344 1155 3393 54,

195 3426 232 3490 (l)
242 3427 278 3476 lte
288 3425 383 3486 write,
398 3426 502 3477 Einlet't.
518 3427 546 3476 t'n
559 3426 594 3478 N.
610 3426 636 3477 T.
651 3425 761 3491 godor.

195 3507 231 3573 (Ξ)
246 3508 341 3561 noret.
358 3506 413 3572 solt.
430 3509 561 3572 compend.
578 3506 596 3568 l,
611 3507 663 3558 20:
682 3524 693 3554 t
710 3509 764 3568 liic,
780 3510 846 3571 quod
863 3514 1012 3573 iterarunt
1023 3509 1124 3569 dicitur,
1138 3509 1288 3572 composuit,

157 3591 298 3654 amputatis
308 3589 459 3653 genealogiis
473 3595 499 3641 et
510 3590 566 3639 aliis
576 3590 702 3650 omnibus,
714 3603 771 3653 quae
788 3578 922 3642 Dominum
941 3606 971 3642 ex
989 3591 1085 3641 semine
1102 3591 1179 3642 David
1196 3604 1288 3641 secun-

157 3673 223 3724 dum
238 3683 337 3722 caruem
351 3677 437 3720 natum
447 3672 593 3722 ostendunt.
606 3671 694 3734 quue
704 3672 743 3721 usi
755 3678 824 3733 sunt,
843 3686 891 3723 noo
903 3674 978 3740 modo
990 3672 1034 3736 qui
1049 3672 1104 3734 eius
1118 3679 1189 3721 erant
1202 3677 1287 3729 sectae,

157 3752 238 3804 sodli
255 3751 331 3802 etiarn
348 3750 393 3814 qui
416 3751 550 3814 apostolica
568 3752 683 3815 dogmata
699 3753 888 3815 sequebantur,
906 3753 1094 3815 compositionis
1110 3751 1223 3802 fraudem
1237 3765 1287 3801 non

155 3840 348 3898 cognoscentes,
367 3832 410 3882 sed
426 3833 566 3895 simplicius
578 3838 698 3897 tanquam
714 3835 900 3896 compendiario
918 3835 982 3884 libro
997 3839 1108 3884 utentes.
1124 3833 1216 3882 Nactus
1230 3846 1285 3881 sum

155 3930 207 3981 ego
218 3917 294 3966 libros
308 3915 452 3985 hujusmodi
468 3929 543 3979 supra
555 3916 677 3966 ducentos
690 3917 714 3965 in
727 3917 820 3967 honore
832 3917 931 3967 habitos
945 3917 971 3965 in
987 3915 1098 3965 ecclesiis
1108 3915 1210 3973 nostris,
1221 3926 1288 3977 quos

155 4011 246 4049 omnes
257 3997 284 4045 in
295 4008 375 4045 uuum
385 4003 517 4059 congestos
529 3997 640 4060 seposui,
653 4005 680 4047 et
691 4011 735 4060 pro
745 3998 785 4048 his
798 4005 907 4061 quatuor
921 3996 1137 4059 Et'angolistarum
1153 3994 1285 4057 Evangelia
1334 4042 1337 4047 ,
1423 4054 1436 4070 .-

153 4076 319 4130 introduxi.»

128 4170 135 4178 ·
189 4160 227 4224 (5)
236 4160 284 4223 hp.
301 4160 475 4219 hascmanum,
488 4157 607 4209 Bibliotlt.
620 4159 712 4209 orient.
726 4166 747 4209 t.
762 4158 792 4219 ll,
806 4173 830 4222 p.
844 4156 964 4209 tao-too.

173 4241 225 4306 .(l)
238 4240 291 4304 Cir.
303 4238 377 4289 Orat.
393 4239 428 4289 od
438 4244 505 4304 pent.
523 4253 548 4289 n.
562 4240 603 4299 15,
617 4237 649 4288 lii
664 4252 721 4289 cum
733 4239 809 4290 toan.
824 4239 842 4300 l,
856 4241 881 4300 5,
898 4239 922 4289 5.

188 4321 225 4387 (3)
235 4321 287 4373 Cir.
302 4321 386 4386 terat
395 4333 446 4385 pro
459 4320 557 4372 Christ.
572 4335 596 4372 tr.
611 4323 651 4382 ll,
665 4320 705 4383 ta,
720 4321 761 4380 52.
773 4323 805 4373 55
814 4335 873 4373 cum
882 4320 974 4371 Mtttth.
987 4319 1017 4394 ll,¹
1028 4318 1069 4383 28,
1080 4320 1172 4381 tt‚to;
1184 4320 1247 4383 lllll,
1257 4319 1282 4371 9.
