3166 4958
271 303 335 367 222
501 323 701 368 rmnooucrro
717 322 864 367 sanemus
880 323 913 364 m
928 323 954 366 s.
973 322 1174 367 sommum.

271 423 335 486 rint
361 423 515 487 nonnulla
539 446 577 487 ex
600 420 768 486 traditione
789 421 921 486 tortasse
944 424 1069 505 hausta,
1091 419 1179 508 quod
1198 423 1341 488 innuitur
1361 444 1404 488 ex

271 544 349 590 voce
364 524 566 611 πληρεστατον,
585 548 649 612 qua
664 526 762 590 utitur
779 525 986 610 Epiphanius.

74 652 83 689 r
315 609 462 700 lislam
480 641 587 695 autem
612 632 706 694 istum
724 628 912 694 hebraicum
933 630 1071 694 Matthaei
1088 639 1221 714 textum,
1240 650 1304 715 quo
1324 637 1403 693 ute-

134 732 157 788 τ’
176 714 184 743 ³
270 716 400 816 bantur,
409 733 503 819 juxta
519 733 747 818 Epiphaniam,
761 732 911 813 Nazaraei,
926 733 1118 817 ipsissimum
1136 733 1233 797 fuisse
1249 733 1404 816 Evange-

272 831 364 916 lium,
380 833 467 919 quod
482 844 616 899 vocatur
627 833 787 897 secundom
806 832 955 907 Hehraeos,
968 833 1114 917 pluribus
1126 835 1159 897 iu
1171 833 1249 898 locis
1261 832 1404 897 affirmat

271 933 303 998 S.
330 935 542 1022 Hieronymus
564 924 645 1033 (1)]
654 961 668 994 «
694 936 882 1017 Matthaeue,
916 936 1059 1021 inquit...
1085 937 1207 1021 primus
1230 937 1262 1000 iu
1288 933 1403 1000 Judoea

271 1047 403 1122 propter
412 1061 466 1103 eos
475 1041 530 1126 qui
541 1061 582 1104 ex
590 1039 832 1105 circumcisione
842 1036 1058 1120 crediderant,
1068 1038 1277 1123 Evangelium
1285 1036 1405 1101 Christi

271 1139 430 1205 hebraicis
446 1143 556 1207 litteris
571 1141 739 1228 verbisque
752 1142 929 1225 composuit
945 1164 953 1203 ε
969 1139 1056 1227 quod
1069 1140 1140 1226 quis
1151 1149 1261 1225 postea
1272 1139 1306 1202 in
1317 1158 1404 1224 grae-

273 1262 347 1335 cum
371 1246 566 1309 transtulerit
588 1266 654 1309 nou
676 1244 749 1308 satis
769 1253 892 1306 certum
909 1251 966 1307 est.
985 1243 1086 1307 Porro
1107 1242 1212 1327 ipsum
1229 1241 1405 1305 hebetem

273 1344 411 1408 habetur
422 1367 524 1432 usque
535 1345 631 1411 hodie
644 1347 677 1410 in
690 1345 871 1409 Cesariensi
884 1343 1090 1427 bibliotheca,
1103 1364 1202 1429 quam
1213 1341 1405 1427 Pamphilus

272 1456 393 1532 martyr
408 1447 634 1513 studiosissime
653 1448 801 1513 confecit.
828 1448 905 1511 llihi
928 1468 1058 1533 quoque
1073 1468 1093 1515 a
1108 1444 1350 1530 Nazarais,qui
1368 1443 1406 1506 in

272 1549 397 1633 Beroea,
411 1551 492 1615 urbe
508 1552 616 1637 Syriae,
631 1552 693 1616 hoc
708 1551 871 1615 volumine
885 1559 1029 1633 utuntur,
1047 1546 1251 1614 describendi
1266 1548 1405 1612 facultas

273 1652 344 1715 fuit.
365 1653 494 1718 »Paulo
508 1663 581 1718 ante
596 1653 721 1718 dixerat
740 1676 748 1717 t
766 1678 780 1711 a
796 1653 1005 1737 Evangelium
1020 1673 1164 1738 quoque,
1183 1648 1271 1738 quod
1283 1649 1406 1735 appel-

272 1753 358 1818 latur
372 1755 535 1820 secuudum
554 1757 741 1820 Hebraeoset
759 1777 778 1820 a
799 1776 852 1819 me
869 1776 972 1840 nuper
989 1754 1022 1817 in
1041 1774 1182 1838 graeeum
1202 1753 1405 1836 latinumque

272 1875 455 1920 sennonem
479 1859 668 1922 translatum
692 1866 762 1940 est,
788 1878 852 1944 quo
875 1867 906 1920 et
929 1856 1083 1941 Origenes
1106 1877 1188 1941 sepe
1211 1855 1309 1918 utitur
1330 1862 1406 1939 post

274 1960 541 2037 resurrectionem
565 1961 738 2025 Salvatoris
749 1960 849 2024 refert
868 1982 877 2023 t
900 1961 1051 2025 Dominus
1071 1971 1172 2023 autem
1191 1981 1258 2023 cum
1275 1958 1406 2022 houset

272 2062 430 2125 sindonem
448 2084 533 2128 servo
556 2064 729 2138 secamus,
747 2066 800 2127 ioit
822 2063 862 2125 od
885 2062 1030 2127 docebam
1053 2073 1082 2125 ct
1106 2063 1251 2147 apparuit
1266 2063 1306 2123 ei.
1328 2058 1403 2123 Ali-

273 2163 390 2250 quibus
403 2167 494 2230 annis
507 2176 617 2251 postea
632 2187 741 2230 rursus
753 2164 914 2231 scribebat
928 2187 937 2228 ε
953 2189 969 2224 <r
982 2165 1019 2228 In
1032 2165 1218 2249 Evangelio,
1232 2184 1297 2248 quo
1309 2171 1404 2227 utun-

273 2275 325 2330 tur
348 2267 501 2332 Nazareni
525 2278 556 2332 et
578 2268 743 2351 Ebionita,
767 2267 855 2354 quod
876 2288 980 2353 nuper
999 2268 1032 2330 iu
1049 2287 1189 2352 graeeum
1212 2263 1254 2329 de
1271 2265 1401 2329 hebraeo

274 2391 422 2436 sermone
452 2373 683 2456 transtulimus,
704 2382 736 2437 et
764 2370 853 2458 quod
876 2380 1009 2457 vocatur
1037 2393 1057 2435 a
1079 2371 1241 2455 plerisque
1267 2366 1405 2431 Matthaei

274 2472 488 2538 authenticum.
508 2501 523 2535 »
540 2477 577 2539 Et
594 2474 761 2541 Commeat.
781 2477 814 2538 in
827 2477 869 2539 la.
884 2476 950 2558 xl,
968 2476 987 2539 9
1004 2498 1012 2538 :
1030 2500 1044 2533 «
1061 2477 1099 2538 In
1114 2472 1299 2558 Evangelio,
1313 2467 1403 2556 quod

269 2573 363 2659 juxta
375 2575 527 2640 Hebraeos
539 2578 692 2662 scriptum
706 2577 844 2642 Nazaraei
857 2578 1010 2642 lectitant
1029 2603 1043 2638 o
1051 2576 1203 2662 Denique
1216 2572 1258 2638 ad
1270 2596 1324 2638 an.
1338 2572 1404 2636 415

275 2673 428 2739 adversus
456 2678 645 2762 Pelagianos
668 2699 778 2742 rursus
802 2677 998 2763 repetebat:
1023 2701 1037 2736 ι(
1060 2678 1097 2740 Iu
1119 2676 1292 2760 Evangelio
1309 2675 1405 2758 juxto

275 2777 427 2853 Hebraeos,
438 2778 526 2865 quod
539 2779 707 2845 chaldaico
718 2779 849 2866 quidem
862 2801 998 2866 syroque
1010 2800 1169 2862 sermone,
1177 2776 1232 2842 sed
1245 2775 1405 2840 hebraicis

274 2880 386 2943 litteris
401 2883 554 2966 scriptum
574 2890 630 2965 est,
651 2904 715 2967 quo
732 2891 864 2946 utuntur
881 2902 984 2968 usquc
997 2880 1094 2945 hodie
1110 2879 1277 2960 Nazareni,
1294 2898 1406 2941 secon-

275 2977 348 3044 dum
371 2982 532 3067 Apostolos
555 2984 634 3070 (nen
656 2985 819 3048 secundom
841 2984 996 3048 duodecim
1017 2980 1217 3067 Apostolos),
1255 2981 1343 3063 eive,
1367 2987 1406 3043 ut

275 3083 422 3169 plerique
446 3095 614 3151 autumant
628 3136 637 3170 ,
653 3089 748 3172 juxto
773 3086 959 3161 Mutthrenm,
984 3084 1071 3171 quod
1096 3086 1181 3148 etin
1205 3082 1406 3150 Caesaroecusi

275 3184 470 3252 bibliotheca
490 3188 667 3254 habetur...
688 3198 749 3254 etc.
771 3215 785 3250 o

321 3289 373 3351 18.
393 3288 549 3354 Eamdem
565 3292 754 3355 sententiam
769 3290 961 3356 confirmant
971 3311 1011 3353 ea
1024 3310 1095 3375 quae
1111 3287 1152 3353 de
1168 3288 1321 3353 Ebionitis
1335 3296 1407 3351 tra—

275 3389 356 3454 dunt
371 3392 505 3476 antiqui.
519 3392 674 3457 Ebionitae
687 3393 846 3458 Christum
860 3394 1046 3457 naturaliter
1055 3413 1096 3455 ex
1107 3393 1126 3456 J
1128 3392 1247 3477 csepho
1261 3400 1292 3455 et
1305 3391 1409 3454 Maria

274 3501 466 3574 conceptum
489 3492 688 3576 effutiebant,
714 3515 732 3558 a
755 3492 873 3559 Judaeis
893 3503 924 3558 et
955 3494 1014 3579 ipsi
1044 3494 1200 3578 originem
1229 3490 1405 3556 ducebant.

275 3595 375 3657 Porro
391 3593 423 3655 S.
443 3595 582 3659 Irenaeus
595 3596 643 3681 (Ι)
660 3598 771 3661 asserit
781 3596 945 3662 Ebionitas
960 3597 1028 3660 solo
1043 3595 1088 3658 uti
1107 3596 1280 3679 Evangelio
1296 3614 1409 3659 secuu-

275 3699 347 3761 dum
361 3696 546 3773 Motthoeum,
562 3699 716 3778 Eusebius
731 3701 779 3785 (5)
792 3709 900 3764 autem
913 3700 1013 3763 refert
1023 3719 1079 3762 eos
1091 3698 1158 3762 solo
1174 3699 1219 3761 uti
1231 3696 1409 3781 Evangelio

153 3858 157 3868 .
275 3797 438 3864 secundum
457 3799 609 3865 Hehraeoo.
632 3801 697 3865 Nisi
715 3802 812 3888 igitur
831 3802 910 3866 velis
930 3801 1128 3866 doctissimos
1145 3801 1217 3865 illos
1236 3800 1409 3884 scriptores

305 4094 342 4160 (Ι)
353 4096 387 4148 De
407 4097 461 4149 Vir.
479 4097 517 4148 ΙΙΙ.
534 4097 560 4160 2,
574 4100 599 4160 5;
619 4098 760 4149 Commeat.
778 4099 806 4149 in
817 4098 910 4150 Mattt.
928 4098 981 4161 ΙΙΙΙ,
1002 4099 1043 4159 Ιὸς
1062 4097 1246 4150 Commentis
1261 4095 1361 4160 Iattt,
1378 4097 1408 4164 93

275 4175 347 4239 urat,
361 4180 422 4230 adv.
441 4180 597 4246 Pelopioaos
608 4179 649 4242 ΙΙΙ,
666 4180 690 4230 Ι.

311 4260 347 4325 a)
360 4262 460 4314 Contra
470 4262 534 4315 her.
548 4262 568 4324 Ι,
580 4261 665 4324 XXVI,
676 4262 701 4328 23
717 4261 757 4326 ΙΙΙ,
772 4262 814 4324 ΙΙΙ,
830 4264 853 4313 7.

310 4345 346 4410 (5)
364 4344 431 4397 Hirr.
444 4345 515 4399 Eerl.
529 4345 570 4409 ΙΙΙ,
583 4345 624 4398 27.
892 4360 893 4363 ¹
