3168 4948
240 297 305 360 5ῗο
468 313 668 359 lurnonucrlo
684 312 830 355 sanemus
845 312 878 353 IN
893 312 919 354 S.
940 312 1140 355 summussos.

240 414 367 478 edoceri
390 417 491 501 potuit
516 436 586 501 quae
611 422 680 499 post
706 414 922 477 ascensionem
938 414 1065 477 Domini
1084 414 1159 476 etin
1177 411 1228 477 die
1246 415 1365 478 Pente-

240 528 340 582 costes
354 539 392 582 ac
407 517 558 602 deinceps
570 527 752 581 evenerant.
768 517 910 579 Fortasse
924 518 1018 580 etiam
1033 515 1073 580 ad
1088 538 1201 581 manus
1217 517 1366 590 babuerit

241 619 387 705 quaedam
403 619 594 686 documenta
608 621 736 704 scripta,
745 630 780 683 ut
793 620 957 704 epistolam
971 620 1096 684 concilii
1109 620 1364 704 lerosolymitani

241 733 271 786 et
290 725 447 787 orationes
460 724 491 787 S.
508 724 591 787 Petri
605 746 642 787 ac
655 723 687 786 S.
703 723 866 808 Stephani.
882 723 1053 787 Probabile
1069 723 1154 786 enim
1178 731 1223 785 est
1245 724 1366 806 primos

241 826 350 892 fideles
374 831 496 914 scripto¹
515 849 655 892 servasse
676 829 806 890 eximias
821 828 915 891 hasce
928 828 1097 909 orationes,
1112 848 1184 890 nee
1208 826 1365 889 memoria

242 929 304 993 cito
326 929 522 994 laberentur.
547 931 694 994 Ceterum
718 929 805 993 nullo
838 927 955 992 indicio
989 928 1161 993 verisimile
1187 927 1222 990 fit
1245 929 1365 992 Lucam

242 1054 294 1096 cas
328 1035 486 1097 orationes
513 1033 705 1117 excogitasse
733 1042 828 1117 atque
856 1031 1015 1116 Apostolis
1040 1032 1120 1094 salso
1151 1030 1310 1112 tribuisse,
1330 1040 1366 1093 ut

242 1136 413 1220 opinantur
448 1137 571 1218 critici3
602 1157 619 1200 e
643 1145 753 1199 contra
775 1136 840 1198 istae
866 1134 1023 1198 orationes
1045 1140 1172 1219 prorsus
1197 1134 1229 1195 in
1253 1153 1365 1196 eorum

242 1246 387 1300 auctores
410 1236 569 1323 quadrant
597 1247 627 1300 et
657 1238 738 1301 notis
760 1237 932 1322 unicuique
956 1237 1092 1322 propriis
1116 1235 1364 1319 distinguuntur.

242 1338 343 1403 Aliter
355 1361 496 1425 namque
507 1342 630 1422 Petrus,
642 1341 734 1404 aliter
745 1341 876 1420 Paulus,
886 1340 977 1403 aliter
989 1340 1167 1424 Stephanus
1176 1339 1364 1423 loquuntur.

242 1441 386 1525 Denique
401 1442 500 1505 Lucas
512 1443 544 1504 in
557 1442 711 1526 prooemio
727 1443 774 1504 sui
787 1441 962 1526 Evangelii,
977 1433 1064 1527 quod
1078 1439 1120 1504 ad
1133 1440 1242 1522 Actus,
1256 1448 1366 1524 utpote

244 1543 298 1626 qui
322 1544 446 1606 nonnisi
467 1544 660 1607 continuatio
677 1552 749 1606 sunt
766 1544 940 1628 Evangelii,
959 1543 1113 1628 applicari
1129 1541 1237 1624 debet,
1255 1541 1367 1604 asserit

244 1666 277 1708 se
297 1644 464 1731 diligenter
477 1647 584 1711 omnia
599 1647 769 1730 scripsisse,
784 1649 861 1710 siccet
876 1648 1064 1710 tradiderunt
1077 1648 1131 1730 qui
1149 1646 1185 1707 alr
1201 1647 1288 1709 initio
1305 1647 1367 1728 ipsi

245 1748 391 1811 ciderunt.
417 1750 516 1813 Recte
536 1750 631 1835 igitur
647 1747 837 1813 concludere
856 1770 1021 1834 possumus
1037 1751 1156 1812 Lucam
1180 1748 1214 1810 in
1235 1748 1273 1810 iis
1293 1767 1366 1832 quae

245 1859 353 1914 narrat
370 1872 434 1915 non
457 1851 551 1916 luisse
579 1849 759 1935 deceptum.
775 1849 838 1913 Sed
859 1872 918 1914 nec
933 1851 1011 1917 alios
1026 1848 1174 1934 decipere
1192 1857 1246 1911 aut
1266 1847 1368 1911 voluit

244 1961 299 2015 aut
314 1955 425 2037 potuit.
1242 1938 1244 1941 ’

289 2056 484 2121 15.Ἐῑεηὶῐη
502 2059 544 2122 ita
564 2056 712 2141 candide,
727 2058 849 2123 sineere
863 2066 894 2120 et
908 2057 989 2120 mira
1005 2054 1146 2141 quadam
1166 2053 1366 2139 simplicitate

244 2160 396 2246 loquitur,
420 2161 464 2224 ita
480 2159 665 2246 diligentem
693 2183 726 2225 se
753 2160 873 2245 praebet
896 2161 930 2222 in
949 2157 1166 2223 describendis
1192 2164 1365 2220 eventuum

244 2262 498 2346 circumstantiis
524 2263 556 2326 in
578 2261 739 2348 pingenda
759 2282 969 2348 personarum
988 2259 1108 2343 indole,
1136 2260 1169 2322 in
1196 2254 1367 2322 recitandis

244 2365 438 2429 orationibus
451 2387 524 2429 cum
537 2367 644 2430 colore
656 2367 828 2452 unicuique
840 2366 983 2450 proprio,
994 2366 1037 2428 ita
1046 2364 1167 2450 absque
1179 2363 1245 2426 ullo
1258 2361 1367 2446 gloriae

244 2465 360 2548 studio,
378 2467 499 2554 absque
516 2490 615 2553 prava
632 2471 664 2531 in
681 2470 820 2554 aliquem
838 2470 999 2532 voluntate
1015 2467 1135 2549 scribit,
1157 2467 1201 2529 ita
1223 2463 1366 2528 modeste

244 2578 275 2632 et
300 2580 514 2654 temperanter
537 2570 577 2635 de
602 2594 634 2636 se
658 2573 809 2657 loquitur,
824 2581 859 2635 ut
872 2570 1044 2634 dicendum
1064 2572 1102 2634 sit
1118 2572 1222 2654 ipsum
1240 2589 1367 2653 nequa-

245 2692 342 2757 quam
358 2674 493 2736 voluisse
517 2671 685 2758 decipere;
703 2673 800 2760 idque
817 2696 853 2738 co
870 2675 971 2759 magis
990 2671 1077 2759 quod
1095 2693 1133 2736 ex
1156 2668 1269 2734 fraude
1287 2670 1366 2732 nihil

31 2858 93 2968 bs
162 2774 450 2975 ffmolumenti
470 2783 524 2838 aut
537 2776 678 2839 utilitatis
694 2774 888 2861 sperandum
901 2775 1052 2839 babebat.

50 2884 152 2974 tt?
211 2946 219 2969 .

147 3135 208 3244 st

234 2873 339 2967 ωδ.
368 2876 531 2960 Praecipua
556 2886 664 2940 autem
684 2899 755 2963 qnae
781 2879 880 2941 refert
899 2878 983 2941 lacta
1008 2876 1136 2972 publica
1157 2884 1248 2939 erant
1271 2875 1367 2937 etita

242 2976 360 3042 Judaeis
373 2988 404 3042 et
421 2979 568 3063 gentibus
579 3001 669 3066 aeque
681 3002 719 3044 ae
732 2971 1178 3064 christianisn‘otaj'ut'lrafflli
1199 2979 1287 3061 locus
1301 2998 1366 3040 non

219 3091 335 3157 resset.
352 3069 508 3162 Quaenam
524 3106 575 3147 res
591 3085 695 3147 notior
710 3084 765 3148 illo
778 3085 978 3148 Pentecostes
990 3083 1158 3164 miraculo,
1173 3103 1237 3166 quo
1253 3081 1366 3143 Petrus

244 3184 371 3268 publice
387 3187 419 3248 in
438 3185 544 3250 medio
561 3187 739 3251 Jerusalem
756 3186 883 3251 Judaeos
898 3209 937 3250 ex
959 3187 1045 3249 omni
1062 3187 1189 3249 natione
1209 3184 1366 3248 allocutus

243 3295 301 3368 est,
319 3289 362 3350 ita
389 3297 423 3350 ut
451 3290 565 3373 singuli
591 3291 624 3353 in
648 3292 756 3374 lingua
780 3290 909 3374 propria
933 3309 1006 3352 eum
1023 3284 1262 3372 intelligerent?
1280 3282 1364 3365 Quid
1406 3324 1409 3330 ·

243 3390 358 3453 certius
373 3391 428 3453 illa
446 3390 551 3455 claudi
577 3394 641 3456 nati
665 3392 844 3460 sanatione.»
866 3390 907 3454 de
932 3411 994 3477 qua
1020 3404 1185 3476 synagogae
1205 3387 1364 3472 principes

244 3500 400 3575 coguntur
430 3493 522 3556 fateri
553 3514 561 3556 :
593 3506 696 3557 notem
726 3497 845 3578 signum
874 3494 989 3580 foetatur
1012 3504 1055 3556 est
1077 3514 1132 3577 per
1155 3512 1202 3555 eos
1227 3490 1365 3554 cantibus·

242 3594 444 3658 babitantibus
460 3594 640 3669 Jerusalem,
656 3597 850 3681 martisestum
869 3608 911 3659 est
929 3608 956 3659 et
971 3617 1033 3659 aon
1048 3615 1208 3679 possumus
1221 3591 1363 3677 aegere?

242 3697 426 3782 Martyrium
447 3697 611 3783 Stephani,
629 3699 793 3762 conversio
807 3698 910 3780 Pauli,
928 3699 1117 3762 resurrectio
1131 3696 1283 3777 Tabithae,
1298 3717 1363 3759 non

241 3800 346 3863 minus
366 3799 508 3884 publica,
523 3800 581 3864 sed
596 3822 686 3886 aeque
703 3801 850 3865 omnibus
863 3811 939 3865 nota
955 3809 1039 3883 sunt,
1055 3821 1158 3885 neque
1171 3800 1277 3863 minus
1291 3819 1363 3862 cum

240 3904 388 3967 universa
402 3903 533 3968 historia
549 3924 703 3984 connexa3
717 3904 863 3989 adeoque
879 3904 954 3968 talia
967 3913 1039 3966 sunt
1053 3903 1136 3967 lacta
1150 3924 1169 3966 a
1186 3903 1272 3964 Luca
1285 3921 1363 3963 nar-

240 4015 309 4070 rata
327 4014 363 4068 ut
380 4007 440 4091 ipsi
463 4006 658 4093 impossibile
675 4007 772 4070 fuerit
792 4028 830 4071 ea
851 4004 1040 4093 decipiendo
1056 4006 1177 4091 fingere
1193 4012 1249 4068 aut
1271 4004 1363 4067 aliter

240 4129 338 4193 quam
354 4104 526 4172 evenerant
549 4109 681 4173 referre.
697 4110 913 4173 Rationalistae
931 4130 989 4194 pro
1006 4130 1096 4172 more
1119 4128 1176 4171 suo
1193 4104 1266 4171 idco
1281 4104 1362 4191 reji-

241 4212 328 4274 ciunt
345 4210 440 4274 Actus
452 4212 527 4297 quia
547 4213 703 4275 miracula
716 4213 748 4275 in
765 4213 801 4276 iis
817 4212 1010 4276 referuntur.
1032 4210 1096 4275 llos
1116 4232 1134 4274 e
1151 4219 1261 4273 contra
1277 4206 1363 4272 dici-

239 4335 311 4377 mus
328 4312 556 4378 evidentiorem
574 4313 641 4379 fieri
663 4315 801 4380 Actuum
825 4317 990 4381 veritatem
1015 4317 1144 4400 praecise
1167 4314 1244 4400 quia
1258 4313 1360 4377 mira-
