3142 4964
410 318 484 362 raas
499 321 522 361 1.
534 321 635 383 ,esrur
647 323 682 364 11.
705 322 743 364 ua
758 322 848 364 uaso
864 321 963 367 rosus.
1213 302 1255 365 59

126 424 361 487 exhortationes
387 422 483 484 Josue
507 419 549 483 ad
573 422 741 505 populum,
768 431 840 485 sunt
862 421 947 485 facta
972 424 1013 484 ita
1037 420 1184 506 publica,
1211 424 1254 486 ita

126 524 275 589 omnibus
288 523 425 607 cognita,
443 522 486 584 ita
500 542 574 585 oum
590 530 655 585 tota
668 522 778 606 populi
793 522 956 585 Israelitici
969 523 1032 586 vita
1049 544 1204 597 connexa,
1220 533 1255 587 ut

127 630 215 692 nulla
230 627 276 691 ibi
291 627 376 690 fictio
394 624 517 688 admitti
533 635 641 711 queat,
664 635 695 688 et
708 634 836 689 nutetur
849 647 927 689 nece
959 648 976 688 e
992 626 1031 688 sit
1047 614 1111 690 tota
1127 629 1254 691 lsraeli-
1372 644 1435 779 ὥς

126 741 230 794 tarum
247 730 389 809 historia,
406 730 430 790 si
447 727 520 791 libri
532 728 628 792 losue
643 729 759 792 veritas
776 647 958 812 rejiciam&
1018 687 1126 793 littam
1142 751 1254 795 omnes
1271 677 1337 813 gx}
1433 678 1510 807 hil·

127 833 368 896 circumstantia
392 829 588 894 adamussim
611 841 837 915 exponuntur,
868 831 910 894 ita
954 832 1046 904 ,mnia
1075 830 1257 896 indicantur
1271 818 1342 959 {3541
1388 820 1451 927 p(t

128 944 357 1015 monumenta,
383 936 416 996 iu
439 954 549 997 rerum
572 936 762 997 memoriam
787 943 904 1014 erecta,
929 943 964 997 ut
988 936 1193 1019 perspicuum
1217 937 1257 999 sit

127 1046 290 1100 auctorem
306 1036 380 1099 libri
397 1045 466 1120 etp
503 1036 535 1100 fe
569 1037 785 1119 ecognovisse
803 1058 842 1099 ea
864 1056 935 1120 quaa
957 1037 1025 1120 ipse
1050 1036 1201 1100 narrabat
1225 1047 1256 1100 et

128 1140 264 1203 noluisse
281 1044 657 1304 deciperssssrqliporro
675 1137 822 1201 omnihus
839 1138 1113 1222 persuasissimum
1130 1150 1199 1204 erat
1214 1138 1255 1203 de

128 1243 257 1305 veritate
277 1241 350 1305 libri
370 1241 478 1323 Josue,
504 1242 514 1304 i
539 1241 623 1305 circo
648 1241 740 1303 aliis
778 1242 822 1325 ‘pt
844 1263 895 1304 res
916 1242 999 1305 sacri
1022 1239 1063 1305 ad
1087 1262 1138 1304 res
1159 1243 1193 1305 iu
1217 1264 1256 1306 eo
1344 1238 1411 1313 rita
1456 1266 1489 1316 a.

30 1386 32 1399 .
128 1344 242 1405 relatas
258 1364 324 1406 nou
340 1342 439 1405 semel
459 1324 739 1434 provocaruntlss)
793 1340 813 1404 d
863 1362 900 1406 co
918 1340 1019 1405 Judaei
1034 1342 1121 1406 hune
1137 1343 1256 1407 librum

30 1462 32 1471 ⁴
129 1445 160 1506 in
173 1466 267 1508 suum
284 1464 440 1508 canonem
453 1453 645 1528 receperunt
663 1466 701 1507 ea
745 1453 888 1537 tateqqua
904 1446 1041 1509 auctoris
1059 1444 1255 1511 fidemrecte
1436 1426 1445 1441 „
1484 1458 1490 1482 ·

129 1557 273 1630 poteraut
289 1547 470 1634 expendere
486 1573 495 1630 3
514 1547 632 1612 idcireo
646 1464 883 1633 Eeclds'i'ds‘tleus
894 1549 980 1612 hisce
996 1547 1145 1613 laudibus
1160 1549 1256 1613 losue

130 1652 318 1714 exornavit:
342 1675 357 1709 (ι
377 1651 478 1713 Fortis
505 1651 536 1713 in
566 1650 651 1714 hello
680 1650 770 1714 lesus
794 1650 893 1728 Nave,
916 1671 1079 1714 successor
1103 1651 1201 1735 Moysi
1223 1653 1256 1714 in

130 1753 302 1836 prophetis,
322 1755 377 1837 qui
396 1753 455 1816 fuit
472 1772 609 1837 maguus
632 1751 809 1816 secundum
834 1773 952 1816 nomen
972 1740 1092 1843 suun}
1100 1755 1256 1818 Maximus

30 1910 32 1919 ,
129 1858 159 1919 in
185 1859 322 1920 salutern
351 1857 524 1919 electorum
554 1855 623 1937 Dei,
655 1875 838 1940 expugnare
862 1856 1060 1939 insurgentes
1084 1858 1201 1938 hostes,
1220 1868 1256 1921 ut
1297 1929 1302 1937 ,

129 1969 376 2045 consequeretur
395 1958 614 2024 haereditatem
639 1960 776 2022 lsrael...
803 1958 919 2022 Annon
943 1960 975 2021 in
999 1957 1164 2022 iracundia
1187 1958 1257 2044 ejus

129 2062 298 2149 impeditus
316 2073 362 2127 est
380 2065 440 2145 sol,
465 2073 496 2126 et
520 2084 584 2126 uua
604 2062 672 2125 dies
697 2062 781 2124 faeta
799 2071 845 2124 est
868 2062 958 2146 quasi
980 2059 1072 2125 duol
1095 2062 1257 2126 luvocavit

30 2218 32 2245 =
130 2167 314 2231 altissimum
332 2176 493 2251 potentem
515 2169 547 2231 in
570 2163 787 2250 oppugnando
812 2164 956 2227 inimicos
974 2161 1128 2248 undique,
1147 2173 1178 2227 et
1198 2185 1256 2227 au-

29 2352 30 2355 *
130 2266 204 2349 divit
226 2270 320 2332 illum
344 2289 479 2353 magnus
502 2278 533 2331 et
556 2276 682 2331 sanctus
704 2267 790 2329 Deus
807 2267 839 2328 in
854 2266 936 2328 saxis
953 2264 1116 2349 grandinis
1133 2266 1256 2329 virtutis

29 2404 31 2415 v
131 2368 221 2433 valde
238 2370 357 2455 fortis(
383 2371 405 2453 ).
429 2381 477 2430 »J

29 2454 30 2475 Ι
172 2474 223 2536 15.
252 2473 540 2555 Βαῑὶοηαίἰεῑω,“ιιῑ
563 2472 634 2561 libri
658 2474 752 2535 Josue
774 2472 939 2534 veritatem
964 2470 1088 2552 tollant,
1114 2479 1257 2532 asserunt
1309 2455 1312 2459 ’

29 2616 30 2621 1
131 2564 219 2659 plura
247 2576 281 2638 in
309 2597 346 2638 eo
375 2597 543 2639 occurrere
571 2574 814 2640 contradictoria
845 2574 1002 2658 pluraque
1026 2571 1197 2654 mirabilia,
1222 2581 1257 2635 ut

29 2696 30 2699 ’
131 2678 267 2742 imbrem
280 2676 423 2763 lapidum
436 2677 565 2763 dieique
578 2677 821 2762 productionem
836 2697 893 2760 per
906 2676 1072 2739 stationem
1089 2676 1174 2758 solis,
1186 2696 1257 2759 quae

29 2850 30 2873 q
132 2784 179 2846 vel
200 2783 388 2847 naturaliter
413 2781 601 2868 explicanda
626 2782 698 2845 su'ut
721 2782 772 2845 vel
795 2779 950 2843 similibus
976 2780 1119 2864 gentium
1143 2779 1258 2864 mythis

29 2918 30 2925 κ
132 2884 334 2950 assimilanda
350 2884 510 2948 videntur.
530 2884 593 2949 Sed
605 2881 817 2969 respondetur
829 2880 1094 2945 contradictiones
1111 2902 1175 2944 nou
1190 2902 1257 2944 esse

132 2987 186 3049 nisi
198 2969 402 3073 apparentes
416 2996 451 3049 ut
464 2985 571 3051 videre
585 2996 631 3049 est
641 2984 729 3071 apud
742 2985 928 3069 interpretes
940 2984 1124 3047 catholicos.
1140 2982 1256 3063 Quoad

132 3090 213 3153 facta
224 3090 398 3173 mirabilia,
408 3111 445 3152 ea
458 3090 600 3174 gentium
613 3089 728 3172 mythis
742 3108 810 3150 esse
825 3083 1030 3150 assimilanda
1042 3086 1257 3149 Rationalistae

37 3220 40 3229 ·
132 3195 266 3276 grabdto
288 3192 460 3255 affirmant.
480 3192 550 3255 Nou
574 3211 729 3275 negamus
754 3187 885 3275 quidem
908 3189 1050 3273 aliquam
1074 3187 1257 3272 analogiam

132 3294 279 3359 interesse
300 3297 381 3358 inter
398 3316 448 3358 res
463 3296 495 3357 in
511 3292 594 3357 libro
614 3294 709 3357 Josue
734 3292 850 3354 relatas
870 3292 1059 3375 mythosque
1079 3289 1255 3374 profan0s3

29 3418 30 3423 ¹
133 3396 184 3460 sed
201 3398 378 3462 conferenti
394 3397 559 3460 historiam
578 3396 673 3459 Josue
691 3414 765 3457 eum
783 3393 898 3478 mythis
913 3412 1101 3477 persuasum
1118 3392 1178 3454 erit
1195 3393 1257 3453 tale

133 3499 211 3563 inter
227 3510 400 3585 utrumque
414 3499 576 3562 observari
593 3495 775 3576 discrimen,
791 3497 886 3582 quale
901 3496 983 3558 inest
997 3495 1078 3557 inter
1094 3494 1258 3557 historiam

133 3620 240 3665 veram
256 3611 287 3665 et
298 3602 422 3685 poetica
435 3599 597 3684 figmenta.
614 3596 729 3680 Quoad
742 3595 866 3683 lapides
877 3596 1041 3682 grandinis
1052 3595 1132 3680 (dos.
1149 3595 1190 3677 X,
1202 3595 1257 3673 ll)

135 3725 151 3765 e
168 3706 247 3768 coelo
271 3706 304 3767 in
320 3706 425 3768 hostes
449 3703 618 3783 immissos,
641 3723 682 3764 an
699 3702 795 3765 fuerit
810 3698 1074 3785 lapideus'imber
1091 3701 1142 3761 vel
1163 3719 1256 3762 saxea

135 3807 267 3890 grando,
285 3828 341 3870 seu
353 3805 475 3891 grando
488 3802 752 3886 extraordinaria,
768 3824 832 3867 uon
847 3802 1039 3867 conveniunt
1055 3802 1253 3885 interpretes.

135 3906 291 3991 Ceterum,
313 3930 378 3972 uon
401 3909 523 3994 absque
548 3908 678 3971 numine
703 3903 810 3969 divino
828 3906 948 3969 factum
971 3913 1017 3968 est
1039 3913 1073 3966 ut
1088 3924 1182 3966 saxea
1199 3904 1256 3966 ista

137 4200 141 4217 ·
169 4176 202 4238 (l)
213 4177 272 4232 tud.
284 4177 315 4239 tl,
329 4176 354 4236 ὃς
367 4176 408 4235 Vl,
420 4176 446 4235 9;
459 4173 544 4237 llVlll,
556 4175 636 4234 5¹31!
647 4175 706 4239 Ray.
717 4173 781 4234 XXI,
792 4173 817 4233 a
833 4173 875 4225 ΙΙΙ
882 4174 940 4239 liep.
952 4172 1015 4235 XVI,
1024 4174 1066 4237 543
1079 4173 1149 4224 Paul.
1162 4171 1257 4233 tttvn,

70 4325 81 4344 ·
141 4256 223 4317 tata
234 4259 325 4310 nanae.
339 4257 381 4319 ΙΙΙ,
392 4258 460 4309 att:
472 4256 548 4318 ilict,
559 4255 601 4317 Vl,
613 4257 638 4316 ὅ,
647 4263 696 4306 etc.

80 4388 88 4399 ,
169 4337 203 4403 (1)
215 4340 293 4392 Eccli.
306 4339 389 4402 XLVI,
404 4341 476 4391 Md.
