3132 4964
278 292 341 356 162
504 315 703 357 sarnanucrro
720 317 867 360 saucians
881 318 914 359 m
933 317 959 361 s.
977 318 1178 362 scaurum.
1246 349 1249 355 .

84 301 274 527 mast)
323 334 553 579 llissiat'aitas
583 411 729 478 librorum
750 417 902 479 derantur.
921 416 1078 482 Vaticinia
1100 417 1259 498 Jerer'niae,
1285 414 1408 501 quihus

279 537 381 579 annac
394 524 490 579 untur
511 513 578 602 ejus
599 517 728 602 Threni,
747 516 861 582 divinae
877 539 944 582 esse
960 521 1154 585 auctoritatis
1175 540 1265 583 exeo
1281 527 1409 582 constat

278 612 365 702 quod
381 639 507 703 semper
523 628 590 682 tum
607 620 625 682 J
628 619 709 683 udaei
726 630 794 684 turn
807 621 974 686 Christiani
988 644 1026 686 ca
1042 624 1125 687 inter
1140 622 1239 687 libros
1255 630 1411 707 protoca-

267 722 409 787 ‚nouicos
424 731 645 806 reposuerunt.
664 723 822 788 Praetcrea
835 726 947 809 saepius
965 724 999 787 iu
1022 725 1124 789 Libris
1143 726 1241 790 sacris
1257 724 1410 789 vaticinia

278 825 424 889 Jeremiae
435 833 470 888 ut
482 825 644 910 Scriptura
658 848 750 891 sacra
760 829 951 912 allegantur.
967 829 1223 892 Lamentationes
1237 835 1345 891 autern
1361 826 1410 891 ah

278 928 418 992 Ecclesia
441 929 474 991 in
499 927 608 992 officiis
631 930 795 1014 liturgicis,
816 939 970 1015 tanquam
992 952 1121 1015 prorsus
1142 930 1269 1013 divinae,
1290 930 1408 995 Christi

278 1029 415 1113 passioni
427 1005 869 1219 accomodantuql'acillime
881 1041 989 1095 autem
1000 1031 1101 1096 Judaei
1115 1030 1313 1097 divinitatem
1325 1053 1408 1095 ora-
1459 1096 1463 1101 .

279 1133 425 1196 culorum
442 1132 588 1197 Jcremiee
603 1155 662 1219 per
701 1144 844 1199 exerunt.
862 1135 944 1198 Nam
964 1136 1030 1219 ipse
1049 1156 1114 1199 non
1134 1144 1258 1198 tantum
1277 1134 1408 1197 ruinam

277 1235 456 1301 Jerusalem
468 1234 499 1299 ct
516 1235 687 1320 Babylonis
702 1258 740 1301 ac
755 1235 958 1301 durationem
975 1237 1163 1321 captivitatis
1176 1234 1332 1321 predixit,
1347 1234 1409 1299 sed

268 1338 407 1422 insuper
419 1339 559 1422 plurima
570 1338 612 1402 ad
622 1340 752 1403 Joahim
768 1350 798 1404 et
813 1339 979 1404 Sedeciam
995 1340 1169 1424 spectantia
1184 1338 1409 1423 praenuntiavit

281 1460 363 1524 quae,
375 1442 521 1525 quamvis
533 1442 719 1506 naturaliter
732 1443 905 1528 praesentiri
919 1464 984 1506 non
996 1450 1154 1527 poteraut,
1167 1450 1273 1504 tamen
1285 1441 1406 1523 statim,

274 1540 367 1625 juxta
381 1541 630 1626 praedictionem,
646 1555 834 1627 evenerunt,
851 1545 894 1609 ita
912 1553 945 1608 ut
957 1542 1058 1607 Judaei
1072 1544 1170 1608 eoaevi
1182 1542 1251 1606 haec
1264 1540 1409 1605 videntes

278 1642 425 1706 Jeremiae
436 1642 534 1708 fidem
547 1666 664 1730 negare
677 1668 741 1711 non
759 1648 928 1731 potuerint.
943 1646 1037 1709 Initio
1049 1646 1139 1729 regni
1152 1642 1291 1707 Sedeciae
1306 1643 1410 1706 falsus
1459 1700 1466 1707 .

280 1744 452 1828 Propheta,
478 1748 608 1811 nornine
630 1749 796 1832 Hanania,
813 1749 959 1812 Jcremiae
978 1769 1011 1811 se
1036 1747 1183 1832 opposuit
1199 1766 1238 1810 ac
1262 1743 1409 1830 praedixit

279 1845 407 1911 Judaeos
428 1869 447 1912 a
472 1849 652 1934 captivitate
669 1860 740 1936 post
755 1850 920 1915 biennium
936 1849 1104 1914 redituros.
1125 1849 1279 1912 Jeremias
1298 1855 1407 1910 autem

281 1949 435 2014 Hanania
457 1950 536 2015 dixit
561 1975 569 2014 ε
594 1953 792 2038 Propheta...
818 1976 884 2018 aum
907 1956 1021 2018 venerit
1041 1952 1163 2017 naham
1185 1953 1266 2035 ejas,
1298 1952 1410 2016 scietur

281 2052 451 2137 Propheta,
472 2076 559 2140 qaam
575 2043 659 2120 misit
678 2058 828 2121 Dominus
844 2060 877 2120 ia
889 2059 1015 2121 acritate
1032 2080 1042 2119 .·
1059 2056 1134 2119 audi
1154 2055 1300 2118 maenia
1318 2077 1328 2116 .·
1345 2074 1409 2117 aon

264 2158 365 2219 rraisit
384 2168 412 2219 te
427 2158 588 2238 Dominae,
605 2170 634 2223 at
656 2171 690 2223 ta
709 2161 856 2245 confidere
871 2160 971 2245 tacisti
991 2158 1138 2244 papatum
1153 2160 1244 2222 etam
1269 2158 1303 2218 in
1317 2177 1409 2219 maa-

281 2260 377 2327 dacio.
399 2260 511 2324 Idcirco
528 2262 589 2325 haaa
613 2263 685 2326 dicit
701 2265 851 2327 Dominae
865 2287 875 2326 :
888 2263 943 2327 hoa
960 2284 1040 2326 anno
1054 2263 1208 2326 ‘moriente
1227 2259 1303 2324 Haec
1319 2267 1408 2343 gesta

282 2369 355 2423 sunt
372 2361 404 2424 in
419 2364 540 2447 templo
555 2385 664 2431 coram
681 2364 946 2429 sacerdotibus-et
961 2365 1093 2450 populo.
1112 2363 1186 2426 Post
1201 2360 1281 2425 duos
1298 2370 1409 2425 autem

283 2482 407 2527 meuses
432 2464 596 2529 Hananias
624 2477 768 2532 mortuus
795 2478 852 2541 est,
878 2469 973 2532 etsie
993 2468 1160 2551 impletum
1189 2473 1235 2528 est
1261 2465 1411 2528 teremiae

283 2567 461 2651 oraculum,
489 2589 554 2652 quo
576 2568 694 2634 Judaeis
718 2572 779 2636 cito
803 2569 1056 2635 demonstratum
1074 2567 1320 2634 iuitJeremiam
1341 2588 1412 2632 esse

284 2688 396 2733 verum
412 2669 606 2753 Prophetam
622 2671 635 2757 (
658 2672 682 2757 )
1328 2664 1332 2671 ’

695 3091 862 3171 CAPUT
889 3090 992 3167 Xlll.

656 3340 695 3382 nn
718 3339 807 3382 urano
830 3338 949 3380 eunucu
973 3315 1033 3402 (2).

327 3534 358 3599 l.
384 3536 616 3621 Arpameatam.
629 3519 766 3638 {Baruch
784 3536 858 3619 legit
877 3535 995 3599 librum
1016 3555 1109 3598 suurn
1127 3553 1237 3597 coram
1252 3531 1412 3597 lechonia

284 3647 315 3703 et
326 3637 443 3703 Judaeis
457 3639 599 3724 captivis,
615 3639 670 3724 qui
677 3637 905 3724 jejunantcs'et
918 3648 1045 3702 orantes
1058 3637 1211 3721 colligunt
1222 3637 1409 3720 pecuniam,

285 3757 383 3827 quam
401 3742 528 3804 mittunt
542 3741 774 3825 lerosolymam
792 3761 851 3824 pro
871 3739 1032 3804 sacrificiis
1049 3737 1231 3821 offerendis,
1248 3737 1411 3822 simulque

284 3836 401 3909 tudaei's
416 3847 449 3909 in
464 3845 575 3910 Judaea
590 3846 708 3909 relictis
720 3846 806 3930 piam
823 3843 953 3908 tradunt
966 3845 1142 3908 orationem
1158 3842 1199 3907 ad
1214 3839 1411 3927 placandam

284 3948 341 4012 Dei
368 3949 462 4032 iram,
489 3947 724 4034 impetrandam
749 3956 954 4032 peecatorum
979 3945 1197 4009 remissionem
1223 3942 1411 4008 misericor-

280 4138 291 4217 s
316 4117 421 4228 <oua
435 4164 527 4214 seraa.
545 4159 652 4213 xxvia
1193 4201 1197 4207 .

290 4292 292 4297 ,
316 4246 352 4313 (2)
366 4247 417 4299 Ch.
430 4247 538 4308 neuun,
552 4244 757 4311 armaretque
771 4243 849 4296 auat.
863 4242 973 4295 torach.
986 4241 1053 4293 Frih.
1071 4242 1149 4306 1855,
1161 4248 1188 4292 et
1200 4246 1315 4293 aucmres
1328 4253 1409 4304 supra

186 4373 191 4384 .
282 4328 337 4382 citt.
