3168 4948
268 279 330 343 eto
496 296 696 340 mruonuerro
710 296 857 339 sanciens
873 297 905 338 m
922 296 948 338 s.
969 297 1168 339 semrom.

266 396 400 478 venisse,
421 393 513 480 juxta
534 391 704 479 quosdam,
729 392 809 457 duos
832 394 973 478 angelos,
994 390 1087 479 juxta
1109 396 1200 477 alios,
1224 392 1393 458 dumtaxat

267 520 378 563 unum.
395 499 457 562 Per
477 499 622 584 quosdam
639 496 806 582 designare
823 498 958 560 volucrit
974 497 1081 561 Celsus
1097 499 1216 563 Lucam
1237 507 1268 561 et
1287 498 1394 561 loan-

267 623 354 686 nem,
369 624 428 687 per
439 601 514 667 alios
531 602 713 666 llatthaeum
729 611 762 664 et
776 601 933 684 Marcum,
950 610 986 664 ut
1001 602 1149 686 opinatur
1164 601 1341 686 Origenes(
1365 599 1391 685 ).

610 830 680 919 §2
706 831 889 895 Testimooio
912 835 1043 894 intereo.

311 1090 363 1153 te.
381 1088 460 1170 Quae
482 1089 647 1173 hueusque
675 1086 866 1172 protulimus
889 1095 1076 1170 argumenta
1103 1095 1233 1151 externa
1260 1086 1394 1151 internis

267 1191 347 1254 mire
364 1190 551 1255 fulciuntur.
570 1190 641 1254 Sive
657 1188 743 1252 enim
762 1188 843 1251 ratio
861 1188 1018 1252 habeatur
1036 1209 1145 1253 rerum
1164 1209 1244 1273 quas
1260 1198 1395 1253 narrant

267 1294 486 1379 Evangelistae,
516 1294 581 1357 sive
602 1312 716 1373 eorum
740 1289 921 1354 attendatur
943 1289 1096 1377 loquendi
1129 1289 1255 1375 modus,
1284 1292 1395 1355 omnia

265 1398 405 1461 innuunt
419 1397 588 1480 scriptores
602 1395 716 1482 quales
734 1402 824 1457 erant
839 1392 981 1478 Apostoli
999 1414 1176 1479 eorumque
1191 1392 1351 1477 discipuli.

313 1499 365 1563 50.
384 1500 421 1562 Et
439 1495 690 1584 primoquidem
707 1496 814 1581 lingua
834 1505 864 1560 et
882 1496 978 1581 stylus
995 1497 1241 1581 Evangeliorum
1258 1496 1396 1559 innuunt

265 1599 395 1665 Judaeos
410 1620 513 1686 grece
526 1599 710 1682 scribentes,
725 1599 836 1684 quales
850 1608 922 1662 sunt
933 1599 1031 1662 nostri
1042 1599 1259 1684 Evangeliste.
1275 1596 1395 1663 Omnes

268 1703 488 1787 Evangelistae,
510 1703 656 1766 Matthaeo
674 1710 817 1786 excepto,
840 1722 942 1786 grece
959 1702 1162 1786 scripsemnt.
1180 1701 1393 1787 Nequaquam

268 1815 374 1870 autem
391 1804 608 1871 adhibuerunt
618 1826 802 1870 sermonem
818 1806 910 1869 illum
926 1815 1104 1890 comptum,
1123 1805 1394 1890 elegantemque

266 1911 432 1974 eminuere
454 1920 599 1975 auctores
621 1910 766 1993 classici,
789 1909 988 1992 Aristoteles,
1014 1910 1124 1993 Plato,
1150 1909 1391 1991 Demosthenes,

269 2013 430 2099 ceterique
446 2014 503 2099 qui
523 2012 681 2078 dictorum
696 2014 849 2089 suavitate
865 2034 958 2077 aures
975 2010 1160 2076 demulcere
1176 2012 1280 2077 conati
1297 2020 1390 2092 sunt;

268 2114 325 2181 sed
347 2115 394 2179 usi
419 2127 491 2182 sunt
513 2131 660 2181 sermone
685 2117 753 2200 itto,
779 2116 844 2202 qui,
866 2114 975 2179 iudea
999 2114 1196 2200 temporibus
1217 2112 1394 2179 Alexandri

223 2226 227 2235 '
267 2219 389 2303 Magni,
415 2219 475 2284 fuit
497 2221 531 2283 in
553 2221 707 2283 esurite
736 2216 915 2283 communis
939 2240 997 2303 per
1019 2219 1124 2282 varios
1146 2219 1291 2302 regiones
1312 2236 1395 2301 quas

216 2374 220 2382 ,
265 2319 368 2391 Greci
384 2321 599 2386 obtinuerunt.
616 2322 648 2384 Si
665 2322 736 2407 quis
748 2330 865 2385 attente
878 2322 1049 2407 perlegerit
1061 2319 1244 2404 Evangelia,
1259 2339 1395 2403 persua-

266 2443 338 2485 sum
368 2422 500 2487 habebit
526 2444 636 2486 eorum
660 2432 805 2486 auctores
829 2443 893 2485 non
916 2422 1011 2485 fuisse
1036 2422 1119 2484 viros
1150 2418 1394 2483 humanioribus

267 2524 378 2588 litteris
389 2526 543 2605 excultos,
554 2524 609 2588 sed
622 2526 726 2610 potius
738 2525 845 2609 rudes,
857 2526 1032 2608 illiteratos,
1044 2526 1111 2611 qui,
1125 2532 1219 2609 prout
1230 2532 1390 2609 poterant,

265 2626 355 2718 lacta
373 2647 447 2712 quae
478 2626 626 2691 videmnt
656 2629 844 2712 simpliciter
869 2637 1058 2692 enarrarunt
1088 2627 1210 2713 absque
1237 2627 1311 2690 fuco
1335 2636 1393 2690 aut

266 2726 448 2793 delectandi
464 2728 580 2794 studio.
600 2730 718 2794 Nullibi
743 2730 900 2816 siquidem
924 2740 979 2794 aut
1005 2731 1168 2816 elegantia
1191 2728 1317 2793 student
1336 2739 1393 2792 aut

265 2841 473 2897 monumenta
486 2834 662 2897 litterarum
674 2834 884 2918 profanarum
896 2835 1056 2899 invocant.
1064 2835 1162 2898 Porro
1171 2834 1249 2897 tales
1259 2833 1391 2916 praecisc

267 2935 396 3000 fuerunt
413 2936 632 3021 Evangelistae.
656 2937 775 3001 Eorum
803 2937 903 3001 oratio
927 2938 1067 3001 colorem
1089 2933 1265 3021 quemdam
1291 2934 1393 2999 habet

264 3040 535 3121 aramaizantem3
564 3037 708 3103 abundat
730 3040 906 3127 vocabulis,
931 3039 1155 3122 locutionibus,
1181 3038 1391 3123 nietaphoris‚

265 3141 431 3205 structuris
447 3162 486 3204 ex
503 3138 611 3204 indole
640 3142 754 3226 linguae
778 3141 935 3206 hebraicae
959 3142 1074 3226 petitis,
1099 3141 1206 3226 qualia
1235 3138 1393 3204 adhibere

266 3250 415 3325 poterant
431 3243 490 3306 viri
514 3242 636 3327 origine
661 3242 764 3307 tudaei
788 3264 890 3328 graece
910 3243 1093 3307 scribentes.
1116 3241 1210 3323 Quod
1225 3263 1334 3305 rursus
1356 3240 1393 3305 in

266 3341 449 3405 Matthaeum
461 3351 493 3407 et
503 3343 660 3407 loannem
674 3345 791 3428 optime
805 3343 952 3430 quadrat,
967 3346 1061 3435 qui,e
1074 3346 1237 3409 communi
1250 3342 1344 3428 plebe
1356 3343 1393 3406 in

266 3442 397 3507 Galilaea
421 3454 475 3508 aut
492 3442 607 3507 Judaea
630 3446 707 3527 nati,
733 3447 869 3530 propriae
887 3446 1002 3531 linguae
1021 3445 1163 3510 indolem
1183 3466 1248 3509 non
1264 3444 1392 3530 penitus

265 3557 419 3611 exuerant
442 3548 539 3613 etiam
560 3569 662 3633 grece
684 3548 863 3613 scribendo.
880 3551 979 3614 Lucas
1002 3558 1108 3613 tamen
1132 3549 1244 3613 ceteris
1263 3555 1392 3632 praestat

266 3650 345 3735 stylo
366 3650 533 3735 comptiori
548 3661 579 3715 et
594 3673 705 3715 revera
718 3674 758 3715 cx
782 3651 949 3717 traditione
973 3652 1122 3718 discimus
1144 3654 1260 3737 ipsum,
1278 3660 1391 3735 utpote

266 3751 440 3836 medicum,
469 3754 588 3818 litteras
615 3774 734 3839 grecas
756 3756 869 3819 ceteris
895 3757 1009 3819 melius
1029 3755 1185 3819 calluisse.
1211 3754 1334 3818 Pariter
1356 3754 1391 3817 in

265 3857 438 3942 Evangelio
452 3858 548 3922 Marci
559 3860 651 3943 plura
662 3859 819 3922 vocabula
830 3868 1080 3945 occurruntque
1092 3854 1391 3922 indicantJudae-um

265 3978 367 4043 grece
381 3959 572 4025 scribentem
586 3983 644 4046 pro
660 3961 786 4045 talibus,
809 3961 862 4047 qui
877 3963 1098 4027 Romanorum
1113 3981 1188 4025 usus
1206 3969 1301 4045 atque
1313 3979 1391 4023 mo-

299 4238 335 4300 (l)
350 4237 463 4301 origen„
475 4239 574 4289 Contra
584 4237 650 4289 Cels.
661 4236 691 4300 11,
703 4237 791 4289 esso.
805 4216 866 4288 'vide'
876 4238 1001 4300 bemaret,
1012 4238 1048 4290 De
1062 4238 1163 4305 origiue
1174 4237 1275 4304 Evoop.
1287 4249 1312 4301 p.
1325 4237 1390 4289 183-

268 4322 324 4381 ter,
337 4320 413 4385 quem
426 4320 479 4371 fere
493 4321 646 4384 transcripsi.
