3168 4948
242 363 244 367 ¹
301 309 377 352 rans
394 308 430 351 ιι.
448 308 541 350 error
557 308 587 351 v.
604 305 887 356 naeusruonoaun
903 306 928 350 s.
949 307 1038 350 naun
1051 309 1210 356 srrsrons.
1257 292 1317 359 551
1356 330 1358 335 -

190 409 286 494 igitur
296 407 490 494 conjectura
502 407 620 471 nullius
637 414 710 469 sunt
726 405 843 470 valoris
858 402 900 469 ad
919 404 1156 509 infringendam
1174 420 1320 477 veterum

188 508 393 574 traditionem
408 510 786 596 (1)·
1025 570 1027 575 .

234 615 265 678 8.
279 615 331 677 An
348 614 387 677 ad
400 613 480 677 solos
491 611 640 696 Ephesios
651 610 763 673 directo
778 610 874 692 suerit
893 611 1033 695 Epistola
1040 611 1058 672 .7
1060 598 1156 720 [lam
1181 616 1319 682 vidimus
1388 560 1507 689 tad-5³5·

188 723 334 778 sanctum
348 715 487 778 Paulum
505 712 666 797 scripsisse
684 713 779 776 simul
798 710 839 775 ad
859 733 970 777 omnes
993 712 1125 781 Galatia.²
1156 718 1317 803 ecclesias,

189 828 221 881 et
235 820 268 882 in
284 817 425 884 secunda
438 816 480 881 ad
496 816 674 881 Corinthios
686 816 782 880 simul
792 814 997 880 admonuisse
1009 818 1175 884 universos
1190 821 1319 886 Achaia,

188 920 310 1005 fideles,
333 943 433 1008 quare
453 918 621 1004 probabile
642 919 738 982 etiam
759 916 886 1005 ridetur
910 919 1085 1003 Epistolam
1104 920 1147 984 ad
1164 923 1318 1007 Ephesios

188 1026 283 1089 simul
301 1024 457 1089 directam
475 1022 572 1087 luisse
591 1019 633 1085 ad
652 1042 763 1084 omnes
783 1020 933 1084 ecclesias
950 1021 1033 1085 Asiae
1050 1023 1314 1108 Proconsularis,

188 1126 279 1214 cujus
305 1128 449 1211 Ephesus
471 1124 656 1209 metropolis
680 1132 760 1187 erat.
784 1123 877 1187 lianc
901 1123 983 1187 forte
1006 1124 1049 1189 ob
1073 1146 1215 1210 causam,
1241 1130 1314 1213 quia

187 1232 306 1294 scilicet
321 1230 461 1315 Epistola
488 1227 652 1292 circularis
671 1235 750 1309 erat,
771 1247 827 1288 seu
846 1224 888 1289 ad
906 1234 1006 1290 totam
1022 1230 1222 1312 provinciam
1239 1253 1316 1317 spe-

187 1333 305 1416 ctabat,
325 1331 533 1417 particulares
552 1329 756 1397 salutationes
776 1327 899 1391 omissae
915 1328 1045 1392 suerunt
1059 1328 1102 1392 ad
1120 1330 1217 1395 finem
1235 1334 1314 1418 E'pi-

187 1437 285 1517 stolae‚
299 1436 381 1499 sicut
393 1435 514 1498 lactum
530 1429 677 1496 videmus
693 1432 726 1494 in
734 1432 874 1516 Epistola
887 1430 929 1495 ad
944 1430 1072 1496 Galatas
1085 1442 1116 1496 ot
1128 1434 1159 1497 in
1176 1435 1316 1501 secunda

186 1536 228 1601 ad
246 1521 444 1638 Corinthios]
454 1536 537 1599 Hinc
553 1534 688 1598 fortasse
705 1534 787 1597 ratio
808 1532 1015 1619 intelligenda
1035 1543 1082 1598 est
1097 1557 1155 1600 cur
1175 1539 1317 1604 Marcion

186 1644 271 1706 hanc
285 1641 459 1726 Epistolam
476 1637 518 1702 ad
542 1636 753 1702 laodicenses
779 1638 993 1721 inscripserat,
1024 1639 1099 1723 quia
1115 1661 1232 1726 nempe
1253 1664 1317 1707 non

186 1745 290 1808 solum
302 1742 344 1807 ad
361 1742 514 1827 Ephesios
532 1741 627 1804 missa
643 1740 739 1803 luerit
751 1738 807 1803 scd
821 1740 916 1803 ctiam
933 1738 975 1804 ad
990 1738 1198 1807 Laodicenos.
1210 1744 1317 1824 Quare

186 1850 330 1914 nonnulli
342 1857 453 1934 putant
468 1848 501 1911 S.
515 1847 653 1920 Paulum
666 1843 707 1909 de
719 1834 859 1930 Epistola
874 1842 915 1908 ad
929 1845 1083 1929 Ephesios
1099 1847 1187 1932 loqui
1203 1847 1258 1913 ubi
1273 1849 1315 1913 ad

185 1951 385 2016 Colossenscs
400 1948 536 2013 scribite
561 1945 756 2026 Quonrleotn
777 1948 870 2031 scierit
892 1947 976 2031 opud
1003 1968 1053 2010 vos
1084 1949 1223 2031 Epistola
1243 1950 1315 2024 hnc,

183 2053 273 2138 [acite
295 2064 329 2116 ut
344 2063 372 2141 et
390 2054 422 2114 ia
442 2051 669 2115 Laodicensium
687 2047 806 2113 eeclesia
831 2047 962 2133 deputam·
985 2060 1012 2112 et
1033 2070 1098 2112 earn
1117 2071 1184 2134 qne
1200 2053 1316 2116 Euodi-

183 2159 316 2220 censiam
331 2168 376 2220 est
390 2176 440 2219 uos
458 2153 586 2239 leprtis(
611 2151 635 2236 )
892 2188 898 2206 ·

228 2259 260 2320 9.
282 2260 377 2320 Locus
401 2268 428 2319 et
452 2244 724 2339 tempus.[0mnes
743 2255 936 2319 conveniunt
959 2254 1134 2339 Epistulam
1157 2278 1175 2320 a
1199 2259 1312 2340 Paulo,
1387 2270 1435 2322 dt
1462 2180 1528 2307 si·

182 2357 262 2421 dum
278 2361 389 2424 Romae
406 2359 549 2444 captivus
563 2356 778 2440 detinebatur,
793 2357 890 2421 luisse
904 2358 1129 2442 conscriptam.
1149 2359 1231 2424 Nam
1247 2362 1315 2446 ipsc
1351 2392 1359 2449 p

183 2464 296 2546 saepius
313 2463 508 2526 mentionem
524 2461 640 2546 ingerit
657 2482 788 2524 suorum
805 2461 1007 2524 vinculorum
1026 2460 1086 2546 (5).
1105 2461 1200 2542 Quod
1218 2465 1314 2529 etiam
1348 2492 1353 2507 ·
1376 2459 1425 2505 M·
1455 2454 1505 2517 ¹³5²
1520 2458 1563 2501 ''²‘'

183 2565 216 2628 in
232 2563 517 2648 subscriptionibus
534 2561 682 2627 codicum
697 2564 860 2627 asseritur.
874 2560 940 2625 sed
957 2560 1093 2627 dubium
1109 2575 1256 2630 movetur
1272 2590 1313 2633 an
1347 2587 1357 2639 t
1393 2548 1494 2655 ''mi“

184 2668 302 2732 Paulus
329 2689 401 2731 eam
425 2668 585 2752 scripserit
616 2668 649 2730 in
680 2668 791 2752 primis
815 2667 878 2730 suis
900 2667 1036 2731 vinculis
1059 2670 1200 2733 romanis
1228 2670 1314 2736 circa
1345 2680 1351 2695 '
1436 2648 1445 2689 Ἰ
1461 2656 1485 2681 ”

184 2791 305 2834 aunum
321 2771 438 2852 ‹st-oa,
458 2769 510 2834 vel
526 2770 558 2832 iu
575 2767 715 2833 secunda
739 2771 919 2854 captivitate
944 2771 1040 2863 paulo
1065 2780 1138 2834 ante
1160 2782 1310 2860 Qliffl·
1420 2756 1425 2765 ⁴

182 2870 516 2936 Probabiliorvidetur
529 2873 684 2935 sententia
697 2892 809 2935 eorum
822 2871 878 2957 qui
889 2880 1032 2935 asserunt
1043 2871 1127 2937 hanc
1138 2872 1312 2957 Epistolam

182 2978 216 3040 in
239 2977 343 3061 prima
367 2976 459 3039 Pauli
482 2975 663 3060 captivitate
686 2977 899 3059 conscriptam
934 2974 1041 3038 luisse.
1078 2974 1160 3038 Nam
1197 2976 1311 3043 nullibi

162 3061 885 3158 ‘tumim
907 3085 1019 3140 contra
1042 3096 1075 3140 se
1098 3076 1310 3160 Ephesiorum

182 3179 378 3244 orationibus
394 3177 600 3245 commendat
615 3201 747 3264 sperans
764 3201 798 3244 se
815 3201 832 3244 e
857 3199 985 3243 carcere
1008 3176 1179 3241 liberatum
1202 3176 1310 3243 adhuc

181 3280 429 3367 praedicaturum
452 3282 566 3347 Christi
589 3279 688 3345 fidem
711 3282 807 3368 (Epir.
833 3281 888 3363 Vl,
920 3281 986 3363 19).
1023 3278 1181 3343 Praeterca
1216 3280 1316 3351 mittit

181 3384 352 3468 Apostolus
376 3385 460 3449 hanc
482 3385 931 3470 EpistolamperTychicum‚
949 3401 1123 3468 perquem
1142 3382 1240 3445 etiam
1266 3381 1308 3447 ad

181 3487 380 3552 Colossenses
402 3488 538 3573 scripsit.
563 3486 671 3568 Quum
693 3498 801 3552 autom
823 3487 964 3573 Epistola
987 3483 1028 3549 ad
1052 3484 1252 3550 Colosscnses
1276 3485 1309 3548 in

180 3589 291 3674 primis
314 3590 405 3654 Pauli
428 3592 563 3656 vinculis
585 3591 701 3676 scripta
725 3591 832 3674 luerit,
867 3588 982 3655 exinde
1016 3591 1113 3653 etiam
1149 3589 1308 3673 colligitur

180 3693 282 3775 illam,
307 3714 379 3780 quae
402 3704 447 3759 cst
470 3693 512 3759 ad
535 3695 701 3780 Ephesios,
726 3696 795 3760 fere
812 3693 927 3760 eodem
946 3704 1091 3779 tempore
1106 3693 1257 3777 scriptam
1276 3701 1314 3756 et.

179 3795 274 3858 simul
290 3816 365 3859 cum
381 3796 520 3881 Epistola
536 3796 579 3860 ad
595 3796 794 3861 Colossenscs
810 3799 842 3871 in
860 3796 967 3862 hsiam
986 3798 1128 3861 missam.
1150 3793 1305 3875 Quaenam

211 4095 246 4157 (1)
258 4095 309 4147 cir.
327 4096 418 4158 Glatre,
432 4096 577 4148 introduct.
589 4103 608 4147 t.
621 4096 651 4156 V,
666 4110 690 4158 c,
704 4097 735 4158 t,
745 4103 794 4149 art.
808 4098 831 4148 l.

212 4175 248 4240 (t)
260 4177 313 4230 Gtr.
331 4177 422 4235 Glalre.
437 4177 581 4230 introduct.
597 4185 615 4228 t.
635 4178 666 4239 V,
677 4192 700 4230 o.
716 4178 749 4248 xtt.
765 4186 813 4229 art.
836 4181 858 4240 l,
872 4178 915 4242 qui
929 4176 956 4226 in
970 4176 1033 4225 lianc
1047 4188 1101 4225 rem
1115 4173 1175 4224 citat
1193 4171 1306 4236 peculia-

178 4270 232 4308 rern
246 4259 269 4310 t.
282 4258 311 4311 G.
328 4261 398 4311 ilutlr
412 4260 622 4311 dissertationem.

212 4325 248 4388 (5)
261 4325 351 4391 Eptes.
364 4324 406 4389 ru,
421 4326 445 4388 l;
464 4325 505 4388 lV,
516 4327 540 4390 (ς
559 4325 599 4388 Vl,
613 4324 655 4378 ²0.
