3166 4958
180 337 266 380 raus
278 340 314 382 11.
329 339 422 382 aanor
433 339 456 381 1.
472 339 510 380 ua
523 337 798 401 omo.,1>norauar.
811 342 1056 393 aronrooansor.
1072 347 1152 389 nnn.
1168 348 1199 389 n.
1214 332 1242 391 r.
1258 327 1323 392 105

181 460 269 503 nam
291 460 415 503 summa
433 438 608 520 veneratio,
629 460 692 524 qua
709 441 840 526 singula
856 443 997 506 eeclesiae
1014 441 1184 529 Apostolos
1206 466 1320 529 prose-

185 541 386 626 quebantur,
404 542 573 607 necessitas
586 541 774 606 recurrendi
790 542 833 606 ad
852 564 964 607 eorum
983 541 1160 609 decisiones
1177 547 1210 609 in
1224 545 1323 610 rebus

184 642 298 708 dubiis
320 645 371 708 vel
395 643 549 711 adversus
572 644 761 727 haereticos,
799 646 983 731 frequentes
1011 645 1155 732 ejusdem
1185 647 1259 713 fidei
1282 670 1322 713 ac

186 748 354 813 charitatis
371 748 540 813 relationes
565 769 645 833 quas
668 749 762 833 primi
787 748 910 832 fideles,
927 759 963 813 nt
986 772 1025 813 ex
1048 750 1182 815 Actibus
1197 761 1226 815 et
1242 754 1323 837 Epi-

185 851 281 914 stolis
305 860 437 934 constat,
464 851 617 914 continuo
636 850 800 916 habebant
824 846 1037 935 adinvicem,
1061 853 1256 918 suffecissent
1281 853 1321 919 ad

185 952 340 1037 rapidam
356 953 554 1037 Scriptorum
571 954 819 1038 apostolicorum
837 955 1113 1040 propagationem.
1136 955 1198 1021 Ista
1214 966 1321 1020 autem

184 1059 380 1174 propagatio
404 1057 539 1121 celerior
561 1064 592 1118 et
616 1054 792 1141 expeditior
815 1055 922 1122 adhuc
946 1060 1045 1122 evasit
1068 1058 1111 1123 ob
1133 1058 1322 1124 divisionem

186 1157 318 1241 imperii
335 1158 498 1222 Romani'
490 1179 523 1219 m
539 1156 637 1222 urbes
652 1160 872 1243 metropolitas
887 1168 983 1277 atque
1002 1160 1045 1223 ob
1063 1159 1216 1246 frequens
1229 1182 1323 1225 com-

187 1262 349 1324 mercium
373 1260 461 1347 quod
486 1243 658 1345 gerebatur
682 1259 723 1324 ad
746 1262 851 1325 littora
875 1262 972 1325 maris
994 1259 1217 1326 Mediterranei
1240 1264 1322 1327 inter
1379 1300 1438 1323 a

187 1365 344 1446 Romam,
370 1364 569 1445 Corinthum,
598 1363 773 1478 Ephesum,
799 1361 1029 1429 Alexandriam
1058 1365 1201 1482 aliasque
1225 1364 1322 1428 urbes

187 1466 369 1531 inferiores.
396 1467 480 1531 Hinc
498 1466 619 1531 sactum
642 1475 689 1529 est
709 1476 744 1530 ut
754 1465 826 1555 jam
843 1467 985 1530 ecclesia
1000 1466 1082 1551 Asiae
1107 1467 1238 1548 Minoris
1261 1466 1322 1531 tria

186 1569 302 1653 priora
323 1571 497 1654 Evangelia
511 1567 721 1654 possiderent,
740 1567 873 1655 quando
895 1569 927 1632 S
947 1569 1087 1634 Joannes
1109 1591 1203 1634 suum
1223 1568 1324 1633 edidit

186 1671 401 1756 Evangelium
425 1672 486 1756 (1).
505 1672 585 1736 Satis
609 1672 704 1735 etiam
726 1681 862 1757 apparet
885 1693 923 1736 ex
947 1675 983 1733 II
1001 1672 1090 1736 Petr.
1117 1673 1174 1753 111,
1201 1671 1321 1758 tham

186 1782 270 1836 tuno
284 1774 434 1837 exstitisse
450 1722 1229 1889 quamdamEp'mtolunsm‘Pnnliculleotiondm.
1173 1773 1322 1839 mVor-

1331 1862 1465 1889 mmm-n
1477 1884 1497 1889 ..

187 1883 287 1958 gente
302 1876 417 1939 secuto
432 1876 537 1959 primo
561 1884 592 1939 et
606 1874 747 1939 secundo
770 1877 911 1958 ineunte,
933 1874 1005 1962 jam
1028 1878 1233 1942 collectiones
1254 1878 1322 1943 fere
1436 1911 1441 1921 ·

188 1978 367 2062 completas
378 1998 537 2061 possessas
547 1978 643 2043 fuisse
656 1977 698 2042 ab
710 1978 871 2065 aliquibus
883 1980 996 2043 saltem
1009 1979 1150 2044 ccelesiis
1163 1980 1323 2064 colligitur

189 2100 233 2140 ex
248 2079 370 2163 scriptis
382 2079 514 2143 Patrum
529 2080 789 2165 apostolicorum.
808 2080 931 2144 Etenim
947 2080 980 2146 S.
997 2082 1138 2166 Ignatius
1158 2080 1323 2166 distinguit

187 2180 294 2245 libros
308 2182 381 2245 nori
404 2182 594 2247 Testamenti
611 2184 643 2246 in
662 2182 862 2268 Euangeliou
882 2192 913 2246 et
934 2182 1109 2268 Apostolos,
1126 2193 1162 2248 ut
1177 2184 1324 2248 lecerunt

187 2285 301 2348 Patres
319 2286 452 2370 antiqui,
467 2296 499 2349 ot
512 2307 585 2350 cnm
600 2286 762 2350 Clemente
775 2286 936 2369 Romano,
950 2286 1462 2384 PolyfflllamahaJ-u-ffl'
1523 2316 1528 2323 ·
1575 2354 1577 2361 ,

188 2388 312 2452 Herma
339 2398 370 2452 et
393 2390 517 2475 Papia,
543 2391 636 2475 plura
660 2399 728 2453 tum
753 2411 792 2453 ex
816 2390 996 2475 Evangeliis
1020 2399 1088 2452 tum
1115 2411 1153 2454 ex
1176 2390 1322 2475 Epistolis

187 2491 314 2555 recitat.
339 2492 371 2554 Si
394 2513 465 2577 quae
489 2493 699 2575 omittuntur,
724 2491 840 2556 exinde
863 2514 927 2558 non
952 2493 1095 2578 sequitur
1120 2515 1158 2556 ea
1183 2491 1322 2556 defuisse

190 2595 225 2658 in
260 2594 502 2659 collectionibus
539 2596 655 2680 quibus
690 2597 739 2659 isti
763 2596 874 2660 Patres
897 2596 1081 2660 utebantur.
1108 2595 1190 2659 Nam
1213 2596 1324 2659 Patres

189 2698 356 2781 apostolici
374 2719 438 2762 non
456 2720 496 2762 ex
511 2698 674 2784 proposito
697 2698 797 2762 libros
820 2698 1065 2781 enumerabant3
1084 2697 1153 2781 sed,
1171 2697 1246 2762 data
1263 2721 1322 2763 oc-

190 2800 342 2882 casione,
363 2800 456 2887 J'uxla
479 2801 660 2887 argumenti
685 2801 890 2886 exigentiam,
915 2802 1002 2864 hunc
1027 2802 1190 2864 velillum
1214 2802 1321 2865 locum

190 2902 440 2989 recitabantfflt.

237 3006 267 3069 9.
288 3006 435 3071 Ecclesia
458 3016 567 3071 autem
589 3007 798 3093 particulares
820 3028 858 3071 eo
881 3006 986 3092 majus
1009 3005 1182 3069 studium
1173 3026 1206 3067 m
1230 3005 1322 3068 colli-

190 3105 304 3192 gendis
327 3108 554 3207 Apostolorum
570 3111 694 3195 scriptis
708 3109 907 3181 adhibebant
929 3106 1041 3195 quod
1032 3117 1099 3173 ustae
1119 3109 1323 3172 collectiones

190 3200 407 3275 inserviebant
419 3212 608 3277 lectionibus
621 3214 730 3294 sacris,
746 3232 817 3298 qua
830 3213 951 3330 populo
964 3220 1169 3329 congregato,
1185 3208 1322 3273 durante

190 3312 331 3397 liturgia,
350 3313 523 3378 fiebanto
489 3315 524 3401 (5
525 3315 549 3399 ).
570 3315 652 3396 Quia
667 3336 744 3379 vero
769 3324 830 3378 stat
831 3316 875 3379 im
892 3315 934 3380 ab
950 3315 1038 3379 initio
1059 3315 1118 3378 viri
1134 3314 1322 3378 auctoritate

189 3411 332 3477 destituti
354 3417 472 3500 scripta
486 3416 680 3531 ,evangelica
710 3425 741 3480 et
776 3417 834 3501 ipsi
870 3398 1028 3482 conficere
1063 3425 1183 3480 temere
1217 3415 1322 3479 conati

190 3516 376 3580 fuerant
342 3517 402 3602 (1)
428 3517 549 3604 etjam
575 3519 690 3584 saculo
713 3517 855 3584 secundo
880 3520 974 3606 plura
997 3518 1183 3605 prodierant
1204 3517 1481 3635 πως-ιχ
1564 3570 1567 3575 .

212 3639 292 3702 poor
334 3523 388 3703 lia,
403 3620 463 3685 sub
479 3623 629 3686 ementito
647 3622 873 3706 Apostolorum
891 3624 1020 3687 nominc
1034 3622 1079 3686 ab
1098 3622 1255 3689 hereticis
1268 3627 1324 3682 aut
1541 3618 1574 3629 ””“

214 3708 263 3785 his
278 3742 327 3784 scr

190 3743 211 3784 a
328 3745 360 3808 ip
363 3723 505 3787 toribns'
497 3725 704 3809 inspiratione
721 3726 904 3789 carentibus
919 3724 1077 3807 conlecta,
1094 3724 1235 3787 ecclesia
1246 3740 1322 3783 ma-

225 3939 262 4002 (l)
276 3938 327 3990 lloc
341 3946 438 3990 constat
451 3953 483 3990 ex
496 3940 579 3999 indole
598 3940 724 4007 Evangelii
741 3942 767 3993 s.
783 3941 883 3993 loannis
897 3947 923 3993 et
938 3953 970 3990 ex
986 3940 1019 3990 iis
1038 3952 1096 4004 qua
1110 3937 1187 3989 uadit
1203 3937 1338 3987 Clemens

192 4022 233 4074 Al.
252 4034 293 4084 ap.
309 4021 402 4072 Euseh.
421 4022 488 4073 lltst.
506 4023 576 4074 Ecot.
597 4022 694 4081 11111.

225 4103 261 4168 (1)
272 4104 328 4155 vid.
339 4105 366 4156 S.
377 4104 469 4169 lgent,
481 4106 531 4170 Ep.
544 4108 579 4156 od
591 4105 696 4158 Ptitud.
709 4108 735 4169 ὅ,
748 4108 773 4165 8;
786 4107 836 4171 Ep.
847 4104 883 4163 ud
893 4103 999 4168 smym.
1014 4103 1040 4154 a.
1053 4102 1143 4154 Fusius
1157 4102 1189 4154 de
1201 4101 1270 4153 hisce
1280 4106 1323 4153 te·

189 4184 318 4239 stimonl‘n
330 4193 422 4249 agetm
434 4184 507 4246 iutra,
525 4187 569 4237 uhi
582 4199 665 4238 sermo
678 4188 728 4245 erit
741 4187 774 4239 de
787 4187 918 4251 authentia
930 4185 990 4237 Era.
1005 4191 1031 4236 et
1043 4184 1108 4249 app.

223 4269 261 4330 (ὅ)
271 4268 297 4318 S.
310 4266 402 4318 tostin.
414 4267 525 4335 Apolop.
543 4266 564 4329 l,
576 4264 630 4319 67.

227 4348 264 4413 (ι)
278 4350 338 4401 tuo.
351 4348 371 4410 1,
384 4350 408 4399 1.
