3134 4934
471 306 547 351 rans
558 307 595 350 u.
609 307 703 350 eaeor
718 308 773 351 ru.
788 307 827 348 on
836 306 1032 351 armantem.
1253 291 1318 356 595

184 404 357 492 rejecerint
373 406 432 469 nisi
453 405 547 491 Alogi
571 414 603 470 et
623 406 816 471 Marcionitae
838 413 869 468 et
886 406 1104 488 Montanistae3
1124 410 1223 472 secuti
1242 414 1332 473 sunt'

185 509 302 573 saeculo
320 510 365 572 ΙΙΙ
381 510 415 572 in
430 508 564 573 ecelesia
580 505 808 589 Alexandrina,
825 506 991 591 Nepotiani
1005 508 1073 594 qui,
1093 509 1179 572 male
1195 518 1226 573 et
1241 531 1315 575 ma-

185 611 339 674 terialiter
361 610 530 675 intellectis
555 610 592 672 iis
608 630 678 694 quae
694 607 735 673 de
747 628 846 692 regno
864 607 978 672 Christi
996 608 1029 670 in
1046 608 1236 696 Apocalypsi
1251 612 1316 676 ha-

185 713 315 797 hentur,
329 734 414 795 eam,
428 722 538 799 utpote
554 713 707 798 Apostolo
720 710 898 797 indignam,
913 732 1043 796 prorsus
1063 712 1271 797 repudiarunt
1285 726 1316 779 ot

150 878 153 882 .
185 817 336 882 Corintho
369 816 560 880 tribuerunt.
589 817 651 879 Eos
670 813 867 899 redarguens
887 814 1053 899 Dionysius
1080 814 1317 880 Alexandrinus

186 919 400 1004 Apocalypsin
420 917 563 982 divinam
582 917 706 999 hahuit,
726 938 798 981 eam
822 926 929 981 tamen
949 939 1014 981 non
1028 917 1144 981 Joanni
1163 917 1316 1003 Apostolo
1350 929 1354 937 '

185 1022 243 1086 sed
258 1023 350 1086 alteri
364 1022 481 1086 Joanni
497 1021 566 1108 ejus
582 1019 752 1106 discipulo,
772 1029 903 1106 propter
923 1022 993 1105 styli
1009 1019 1235 1106 differentiam,
1255 1023 1315 1085 tri-

186 1124 350 1190 buendam
375 1127 509 1210 putavit.
532 1124 656 1188 Omissa
682 1124 790 1188 autem
820 1125 880 1188 luit
907 1123 1115 1210 Apocalypsis
1139 1126 1172 1188 in
1193 1147 1316 1190 canone

187 1230 313 1295 concilii
340 1228 511 1293 Laodiceni
533 1226 627 1314 juxta
652 1226 778 1292 codices
802 1225 916 1308 editos,
947 1226 1003 1290 sed
1027 1227 1098 1291 Em·
1115 1226 1211 1292 Card.
1230 1229 1316 1293 Pitra

187 1335 267 1398 alios
303 1332 430 1398 codices
463 1333 585 1398 invenit
615 1333 648 1397 in
677 1333 794 1419 quihus
821 1331 959 1395 hahetur
986 1332 1047 1416 (1).
1081 1332 1114 1397 S.
1144 1331 1317 1417 Gregorius
1417 1368 1421 1379 κ

188 1426 402 1501 Nazianzenus
429 1434 590 1503 interdum
615 1435 805 1500 hesitaverit
828 1434 889 1520 (2).
926 1435 1058 1499 Librum
1089 1457 1167 1500 vero
1202 1436 1318 1501 omittit

190 1541 223 1603 S.
238 1540 371 1625 Cyrillus
388 1540 705 1633 Hierosolymitanus.
720 1537 782 1604 Sed
798 1539 858 1602 ista
874 1538 1089 1624 quorumdam
1106 1539 1205 1604 dubia
1226 1539 1318 1626 Apo-

192 1644 354 1728 calypseos
370 1645 593 1709 auctoritatem
611 1641 807 1707 labefactare
824 1651 998 1728 nequeunt.

235 1746 288 1810 to.
307 1747 432 1810 Etenim
445 1754 569 1829 auctor,
590 1745 695 1809 statim
707 1744 750 1809 ab
762 1745 850 1808 initio
863 1743 937 1807 libri
950 1753 982 1808 et
994 1746 1107 1830 saepius
1119 1747 1151 1809 in
1167 1746 1317 1833 decursu,

192 1849 351 1912 loannem
369 1870 403 1912 se
419 1843 563 1912 no'minat
582 1844 631 1932 (ὅ)
645 1856 677 1911 et
699 1848 805 1912 locum
824 1845 944 1911 indicat
958 1847 992 1909 in
1009 1868 1074 1932 quo
1090 1849 1319 1914 revelationem

193 1950 322 2033 habuit,
335 1951 473 2014 insulam
494 1951 614 2015 seilicet
630 1950 771 2032 Patmos,
789 1951 822 2013 in
841 1970 904 2035 qua
923 1950 1063 2013 loannes
1082 1951 1252 2035 Apostolus
1271 1952 1321 2037 (4)

193 2052 254 2116 suh
279 2053 460 2117 Domitiano
490 2053 649 2138 relegatus
675 2053 747 2116 luit.
772 2053 896 2136 Igitur,
922 2052 1069 2137 quamvis
1091 2063 1204 2117 auctor
1226 2075 1320 2118 suum

193 2156 337 2241 Apostoli
362 2176 481 2220 nomen
503 2164 634 2236 taccat,
660 2156 867 2218 manifestum
889 2163 936 2218 est
957 2175 1138 2219 sermonem
1164 2177 1228 2220 non
1252 2178 1321 2220 csse

193 2257 235 2323 de
250 2259 464 2339 alioJoannc,
487 2279 585 2344 qnam
608 2257 649 2321 de
674 2258 729 2321 illo
753 2258 808 2343 qui
829 2258 891 2343 seit
914 2260 946 2320 in
971 2256 1072 2320 insula
1093 2258 1221 2322 Patmos
1239 2281 1320 2344 pro·

192 2374 261 2447 pter
283 2360 403 2425 andorn
421 2363 482 2424 Dei
503 2373 532 2425 et
557 2362 759 2425 testimonium
783 2362 869 2433 lesu,
886 2356 920 2424 id
942 2366 1000 2442 est,
1024 2357 1065 2422 de
1084 2360 1209 2424 Joanne
1230 2360 1319 2446 Apo·
1340 2345 1356 2354 ’

193 2464 298 2546 stolo,
336 2464 391 2549 qui
421 2472 552 2549 propter
574 2462 710 2527 verbum
734 2462 790 2526 Dei
815 2460 902 2548 quod
925 2461 1115 2548 praedicarat
1137 2472 1168 2526 ct
1190 2473 1322 2549 proptor

193 2566 410 2630 testimonium
440 2564 528 2651 quod
548 2568 581 2630 in
604 2566 676 2630 oleo
700 2565 836 2629 ferventi
859 2566 934 2629 iesu
958 2562 1098 2629 reddidit
1120 2566 1153 2629 in
1182 2565 1320 2630 insulam

193 2669 323 2733 Patmos
355 2669 515 2753 relegatus
549 2668 620 2732 luit.
656 2667 893 2733 Confirmantur
927 2689 998 2753 quae
1030 2666 1169 2733 diximus
1192 2690 1231 2732 ex
1255 2679 1322 2734 toto

193 2771 289 2853 libro,
305 2769 361 2833 ubi
382 2770 523 2835 Christus
546 2769 606 2834 sub
629 2771 703 2856 agni
719 2770 882 2857 Verhique
906 2770 1119 2855 appellatione
1136 2770 1323 2855 designatur

188 2873 283 2960 juxta
295 2894 420 2938 morem
435 2874 568 2937 loannis
582 2874 615 2937 in
631 2894 688 2937 suo
702 2873 889 2957 Evangelio.

238 2975 291 3038 11.
309 2976 501 3039 Testimonia
516 2976 585 3040 hac
604 2977 728 3040 interna
746 2976 920 3039 maximam
938 2976 1003 3038 vim
1021 2973 1165 3038 obtinent
1184 2996 1224 3038 ex
1240 2997 1321 3040 cou-

183 3079 287 3142 stanti
303 3087 342 3143 et
351 3088 505 3164 perpetua
522 3079 729 3143 eeclesiarum
745 3079 993 3164 apostolicarum
1007 3077 1188 3144 traditione.

239 3184 291 3248 12.
315 3183 351 3246 ln
367 3184 502 3247 ecclesia
518 3182 628 3246 Latina
643 3203 738 3247 nomo
752 3202 896 3268 unquam
909 3180 1045 3246 dubium
1061 3183 1160 3246 movit
1175 3182 1216 3248 de
1228 3184 1321 3270 Apo-

194 3284 326 3369 calypsi,
352 3282 408 3347 sed
436 3291 618 3349 constanter
642 3305 752 3349 omnes
775 3284 885 3348 Patres
901 3285 957 3371 qui
978 3282 1020 3348 de
1036 3305 1158 3349 canone
1175 3285 1322 3372 Scriptu-

194 3406 304 3450 rarum
324 3386 421 3452 locuti
444 3395 528 3469 sunt,
555 3407 627 3451 eam
651 3396 806 3472 tanquam
828 3385 959 3451 loannis
979 3386 1122 3472 Apostoli
1141 3408 1221 3472 opus
1236 3386 1324 3453 divi-

195 3509 273 3552 num
304 3497 506 3573 receperunt.
536 3489 661 3554 Etenim
689 3498 725 3553 ut
754 3488 918 3574 Scriptura
946 3490 1103 3574 allegatur
1126 3491 1160 3553 in
1183 3491 1323 3576 Epistola
1410 3497 1412 3501 ’

195 3591 336 3655 ecelesiae
362 3590 551 3656 Viennensis
580 3599 611 3654 et
638 3588 860 3676 Lugdunensis
876 3589 918 3654 de
948 3593 1101 3677 martyrio
1127 3592 1159 3656 S.
1180 3592 1321 3665 Pothini.

150 3856 153 3861 ⁴
230 3835 265 3901 (l)
274 3835 349 3887 luris
362 3836 458 3887 Ecetra.
469 3836 626 3902 praelitas.
639 3841 662 3887 ct
676 3835 853 3898 Monommto,
867 3836 887 3888 1.
941 3872 949 3881 ,

185 3918 188 3923 ’
229 3918 265 3984 (2)
273 3919 411 3983 Gregorius
423 3919 482 3970 Nae.
495 3920 524 3985 io·
530 3920 642 3971 carmine
652 3918 704 3970 llll.
719 3919 756 3970 De
765 3920 834 3970 ceris
842 3919 938 3984 script.
956 3918 1031 3970 libris
1043 3919 1324 3985 omittitdpooelypsto,

194 4006 222 4052 at
234 4013 290 4052 eam
301 4007 416 4052 recenset
426 4001 453 4052 in
468 4002 591 4053 Carmine
600 4003 638 4054 aa
648 4001 789 4064 Seleucum,
805 4003 872 4067 quod
888 4002 1063 4066 Anptrttochto
1075 4003 1117 4053 atii
1129 4002 1256 4064 tubanus,
1268 4015 1325 4054 me-

195 4096 296 4136 norans
309 4083 439 4147 pluresde
454 4083 631 4147 sedularum
646 4096 702 4135 earn
714 4089 744 4135 nt
757 4083 916 4149 scriptoram
929 4085 992 4136 eitat
1004 4084 1031 4135 in
1041 4085 1125 4137 Serra
1138 4082 1212 4148 mu,
1226 4084 1252 4136 9.
1268 4085 1325 4137 An·

195 4166 270 4220 oms
282 4165 411 4217 Cretensis
425 4163 575 4229 Gregortun
586 4166 646 4218 ttae.
658 4165 825 4231 Apocalypsin
833 4166 959 4231 recepisse
968 4166 1064 4232 plurim
1075 4164 1191 4218 munst.

133 4289 136 4295 .
228 4245 358 4314 (helpes.
370 4245 391 4309 1,
404 4247 429 4309 t,
442 4249 468 4310 4,
484 4245 710 4312 assantur,
722 4249 749 4302 8.

229 4328 266 4397 (t)
279 4328 333 4381 etr.
344 4342 403 4396 qne
411 4328 522 4383 dirimo
532 4342 608 4395 supra
617 4341 643 4395 p.
655 4328 715 4382 154.
