3166 4958
240 271 304 336 210
468 293 668 338 rrrnonucno
684 293 831 338 sinemus
847 294 879 337 m
896 294 921 337 s.
942 291 1143 336 scoternam.

242 391 344 477 inquit
359 393 391 456 S.
414 394 607 480 Augustinus
625 396 684 481 (1),
706 393 925 478 Evangelistre,
941 394 1095 468 ⁴universo
1117 400 1275 456 terrarum
1295 391 1368 457 orbi

242 496 407 579 notissimi,
428 506 459 560 et
482 498 524 562 ob
544 500 606 562 hoc
631 499 763 562 fortasse
787 504 936 582 quatuor,
961 496 1114 581 quoniam
1134 504 1272 581 quatuor
1295 504 1370 560 sunt

241 605 348 680 partes
370 597 456 664 orbis
478 609 582 683 terre,
603 621 661 684 per
680 597 771 684 cujus
794 598 1032 662 universitatem
1055 597 1168 662 Christi
1191 599 1367 662 Ecclesiam

171 690 173 695 ’
205 696 207 701 ’
241 696 379 784 dilatari,
394 702 461 786 ipso
475 704 523 766 sui
543 702 668 766 numeri
681 710 880 767 sacramento
893 697 1133 786 quodammodo
1147 699 1364 784 declararunt,

242 802 305 866 hoc
328 802 440 868 ordine
463 806 622 890 scripsisse
645 804 854 889 perhibentur
870 804 1036 868 :Primum
1057 803 1232 886 Matthaeus,
1250 798 1369 867 deinde

151 982 154 987 Ι
242 903 379 987 Marcus,
398 907 489 969 tertio
505 907 617 988 Lucas,
635 907 747 970 ultimo
762 905 913 970 Joannes.
935 932 954 966 »-
976 904 1105 970 Certum
1123 913 1169 968 est
1186 906 1370 969 Matthaeum

242 1005 360 1090 primo,
377 1008 535 1072 Joannem
552 1018 714 1093 postremo
729 1007 901 1092 scripsisse,
923 1005 965 1071 de
981 1008 1067 1071 Luca
1082 1015 1190 1071 autem
1210 1017 1241 1070 et
1260 1008 1370 1071 Marco

243 1103 417 1189 ambigitur
429 1106 471 1171 ob
489 1108 704 1172 testimonium
719 1105 890 1170 Clementis
905 1103 1112 1169 Alexandrini
1125 1105 1185 1190 (2),
1204 1105 1259 1190 qui
1272 1105 1372 1168 refert

244 1226 277 1269 se
301 1228 320 1270 a
344 1208 567 1274 vetustioribus
601 1209 791 1294 presbyteris
825 1208 985 1292 accepisse
1015 1207 1072 1271 illa
1098 1207 1272 1291 Evangelia
1300 1227 1374 1292 quae

131 1328 133 1333 ⁴
208 1397 212 1404 Ι
244 1311 447 1394 genealogias
463 1313 636 1393 continent,
654 1309 685 1374 id
703 1321 760 1394 est,
775 1310 947 1395 Evangelia
964 1309 1102 1374 Matthaei
1118 1318 1150 1373 et
1162 1310 1267 1393 Lucae,
1284 1309 1372 1392 prius

198 1434 203 1443 ·
246 1413 424 1497 conscripta
447 1413 554 1478 fuisse.
582 1412 645 1477 Sed
670 1415 736 1477 haeo
760 1412 888 1477 traditio
920 1411 1094 1497 prevalere
1129 1413 1241 1497 nequit
1271 1410 1373 1475 firmae

247 1517 390 1610 omnium
407 1518 612 1603 antiquorum
632 1518 841 1603 persuasioni.
1337 1598 1341 1606 *

291 1606 579 1711 9.[Evonpetiorrrm
601 1620 692 1684 titali.
716 1619 861 1701 Quatuor
884 1619 1056 1703 Evangetta
1080 1616 1186 1681 titulos
1208 1616 1241 1679 in
1266 1615 1373 1679 fronte

245 1729 360 1803 gerunt
375 1743 383 1783 ε
396 1717 551 1808 εύαῃέλινν
567 1722 642 1785 κατὰ
657 1719 816 1804 Martem,
830 1720 906 1784 κατὰ
921 1718 1052 1807 Μάρκον,
1067 1718 1142 1782 κατὰ
1154 1715 1279 1799 Auses,
1296 1716 1374 1781 κατὰ

247 1821 393 1907 Ἰωάννην,
419 1825 536 1910 quibus
558 1825 664 1890 verbis
686 1824 846 1889 indicatur
868 1824 1115 1908 Evangeliorum
1136 1831 1283 1886 auctores
1306 1835 1377 1885 'esse

248 1926 443 2010 Matthoeum,
462 1930 617 2011 Marcum,
642 1930 761 1994 Lucam
786 1937 816 1993 et
835 1929 1006 1992 Joannem.
1028 1928 1091 1990 lsta
1109 1927 1194 1989 enim
1211 1925 1376 2008 inscriptio

247 2024 402 2114 εὑαῃθννν
418 2031 494 2094 κατὰ
516 2030 664 2095 Marcam
681 2029 767 2095 idem
788 2039 879 2095 sonat
898 2052 937 2095 ac
958 2051 966 2093 ε
985 2030 1124 2093 Historia
1140 2026 1320 2112 erronpclica,
1340 2036 1378 2088 ut

250 2130 311 2194 horo
334 2137 502 2220 ooaacrr'pto
524 2136 586 2220 fuit
609 2158 629 2197 a
650 2134 791 2198 Mottboeo
804 2133 876 2220 (5);
902 2131 1021 2196 indicat
1041 2132 1137 2215 igitur
1160 2138 1324 2193 auctorem
1344 2136 1379 2191 et

250 2234 388 2298 insinuet
403 2236 498 2300 simul
513 2238 592 2301 alios
609 2236 806 2300 narrationes
822 2234 1023 2319 evangelicas
1042 2231 1222 2313 instituisse,
1239 2231 1296 2294 etsi
1312 2250 1379 2292 non

252 2334 366 2400 eodem
382 2338 478 2421 plane
498 2316 615 2429 modo]
627 2339 774 2423 Elliptice
790 2359 887 2423 porro
910 2334 1035 2401 videtur
1052 2335 1121 2398 hoec
1137 2330 1289 2419 loquendi
1306 2330 1381 2394 sor-

250 2439 359 2521 mula3
385 2439 508 2526 absque
532 2441 633 2525 ellipsi
657 2438 780 2505 diceres
807 2461 815 2502 ε
840 2434 1009 2526 Εὑαγγθννν
1031 2435 1123 2511 Ἰησοῦ
1151 2431 1277 2523 Χριστοῦ
1304 2432 1382 2496 κατὰ

251 2538 411 2626 Ματθαῖον,
438 2541 572 2632 Μάρκον,
598 2567 625 2605 κ.
651 2566 676 2607 τ.
702 2541 729 2608 λ.
760 2541 959 2627 Eoonpeliam
983 2543 1057 2605 Jesa
1082 2537 1199 2604 Christi
1218 2536 1381 2602 secuadam

253 2646 438 2722 Mottboeam,
454 2651 599 2722 Marcam,
617 2656 677 2712 etc.
699 2645 758 2732 (4).
779 2645 883 2709 Minus
900 2653 986 2709 recte
1002 2642 1110 2707 forsan
1127 2661 1160 2704 se
1179 2639 1276 2704 habet
1295 2658 1381 2723 prae·

251 2749 365 2832 positio
377 2749 475 2814 letina
483 2751 656 2815 secandam.
666 2748 849 2834 Praepositio
863 2746 948 2812 enim
961 2766 1065 2831 graeca
1076 2742 1163 2826 ννιτὰ,
1172 2741 1260 2827 quod
1272 2740 1381 2804 multis

253 2854 407 2937 exemplis
422 2853 516 2920 docet
533 2855 725 2920 Schleusner
747 2852 808 2938 (5),
834 2852 1015 2916 accusativo
1038 2847 1208 2912 subsecuta
1228 2844 1269 2910 de
1291 2865 1383 2908 coma

253 2964 284 3019 et
301 2968 421 3020 auctore
433 2966 501 3021 tum
517 2958 550 3021 in
566 2957 710 3022 versione
726 2952 1025 3040 Septuagintavirali
1039 2960 1107 3014 tum
1125 2946 1212 3034 apud
1223 2948 1333 3011 Patres
1351 2953 1384 3008 ct

253 3060 350 3123 etiam
366 3059 453 3145 apud
473 3070 619 3127 auctores
638 3057 791 3144 profanos
806 3057 889 3122 bene
912 3053 1094 3136 adhibetur,
1115 3060 1147 3116 et
1171 3052 1267 3115 latine
1285 3071 1343 3135 per
1362 3070 1383 3109 o

253 3163 305 3225 vel
334 3162 370 3226 ab
393 3161 485 3227 reddi
509 3172 624 3248 potest.
654 3162 706 3227 Sic
726 3161 839 3245 sapius
867 3161 977 3223 Patres
999 3156 1177 3221 dixerunt:
1202 3155 1382 3219 versionem

286 3475 323 3541 (1)
335 3476 371 3527 Da
390 3477 520 3528 Consertae
536 3478 602 3530 Eoo.
622 3478 642 3541 1,
661 3478 692 3539 u,
707 3479 731 3529 5.

288 3558 324 3625 (2)
336 3559 383 3622 tp.
396 3559 489 3610 Euseh.
507 3561 572 3611 litat.
587 3561 654 3612 Ecot.
668 3560 708 3622 vt,
723 3561 764 3611 rt.

287 3639 323 3705 (ὅ)
336 3630 437 3700 Booten,
452 3640 630 3692 Grammatico
644 3655 721 3708 prore.
739 3641 773 3694 N.
791 3641 818 3692 T.
832 3639 846 3707 5
858 3642 899 3693 55.
914 3641 1027 3706 Lemnii,
1044 3641 1116 3693 1857.

287 3722 323 3787 (t)
335 3723 390 3773 vid.
403 3722 489 3774 Maro.
506 3721 527 3780 Ι.
544 3725 568 3774 t.

285 3805 321 3869 (5)
341 3806 452 3857 Lesicoo
467 3804 614 3871 praeco-tat.
635 3805 664 3854 in
680 3804 714 3857 N.
737 3805 765 3856 T.
780 3805 811 3855 ad
829 3818 853 3856 v.
872 3806 941 3855 sart.
965 3805 1103 3877 Postquam
1127 3805 1243 3870 plurimis
1262 3802 1385 3866 exemptis

254 3888 368 3952 probavit
382 3900 467 3939 vocem
480 3889 540 3936 sart
552 3887 583 3937 de
595 3899 677 3936 caasa
691 3891 834 3937 structore
847 3888 964 3951 usurpari
981 3889 1050 3940 addit
1063 3902 1070 3939 :
1085 3905 1097 3935 r
1111 3888 1147 3939 lte
1158 3887 1235 3938 etiam
1253 3886 1279 3935 in
1292 3884 1384 3934 inscri-

252 3970 382 4034 ptionibus
393 3971 585 4035 Evangedtol'um
597 3967 727 4035 ιῦιῃίλννν
737 3971 797 4019 κατὰ
810 3973 934 4034 Mactatur,
946 3971 1044 4037 Μῖιριον,
1053 3977 1149 4033 Λονκίν,
1159 3968 1263 4030 ’Ῐοᾶννιν,
1273 3967 1386 4031 Evange-

253 4054 316 4104 tium
331 4062 435 4106 auctore
446 4055 573 4117 Matthaeo,
588 4055 679 4115 Marco,
692 4055 769 4114 Lura,
788 4054 893 4116 toanne,
909 4055 952 4105 ubi
968 4059 1028 4106 tert
1042 4055 1178 4120 respondet
1193 4052 1310 4104 hebraico
1322 4022 1349 4102 5.
1368 4069 1380 4100 ν

253 4134 341 4186 Aetius
353 4136 379 4187 in
393 4138 478 4190 Leria
489 4139 590 4202 pluton.
603 4137 634 4187 ed
646 4149 731 4187 vocem
743 4137 802 4186 sert
818 4136 927 4186 ostendit
939 4137 1069 4190 Platonem
1079 4138 1127 4188 hoc
1136 4148 1212 4186 sensu
1222 4134 1286 4184 hanc
1296 4145 1383 4184 vocem

254 4219 422 4282 usurpavisse.
435 4219 534 4271 [tiodor.
544 4220 662 4270 Siculust
673 4218 730 4269 ηδ’
741 4217 854 4287 ‘uptam
869 4220 960 4283 irrupta,
972 4220 1083 4272 historio
1094 4218 1127 4269 ab
1134 4216 1263 4270 Herodoto
1271 4216 1381 4281 scripta.

254 4300 345 4366 Epiph.
361 4301 432 4354 Hoet'.
446 4301 509 4364 Vidi,
520 4304 537 4353 d
550 4312 580 4351 :i
602 4304 661 4353 sarda
678 4300 770 4355 marris
785 4311 944 4366 xurarrvxrr,
955 4301 1143 4356 Pmtotettctms
1155 4297 1249 4362 Moydt'.
