3134 4934
352 269 474 314 censu.
494 271 587 315 cnam
603 273 643 316 vr.
661 273 699 314 nr
711 273 823 315 sarran
834 271 983 316 arrsroms
998 272 1181 317 cernemus.
1270 254 1334 318 585

145 445 148 450 ¹
204 386 243 430 ac
259 368 415 431 constanti
431 369 540 432 animo
559 377 690 454 propter
707 368 866 433 Christum
895 370 1050 454 patientes
1079 371 1162 457 (IV).
1186 371 1331 458 Denique

201 468 383 535 sacerdotes
405 471 530 535 instruit
554 469 716 557 quomado
741 492 871 558 gregem
896 494 989 535 suum
1013 495 1144 559 pascere
1180 473 1329 539 debeant.

201 573 322 638 Ultimo
337 573 483 638 hortatur
498 595 609 638 omnes
621 573 664 638 ad
681 575 906 658 humilitatem,
925 576 1134 661 vigilantiam,
1152 587 1183 641 et
1195 579 1331 663 gratiam

188 676 259 742 nei
274 677 336 740 illis
349 686 553 762 apprecatur,
571 675 704 762 adjectis
720 677 963 742 salutationibus
978 678 1045 765 (V).

245 779 277 842 6.
293 781 389 842 Locus
403 789 430 842 cl
443 790 572 862 tenipus.
581 777 651 859 Quo
663 779 734 842 loca
748 778 888 865 Epistola
901 780 998 843 luerit
1011 783 1202 868 conscripta,
1217 794 1329 849 auctor

200 879 321 946 indicat
343 881 392 944 his
414 880 521 944 verbis
547 903 555 944 ε
579 880 701 945 Salutat
724 903 774 946 cos
796 881 930 945 Ecclesia
950 904 1016 967 qua
1035 896 1078 948 est
1113 888 1145 948 ia
1174 886 1329 973 Babylone

199 983 334 1049 coelecta.
357 983 445 1048 Circa
464 982 551 1069 quod
569 981 640 1047 duee
657 984 825 1069 praeeipuee
842 995 914 1049 sunt
936 986 1111 1070 opiniones.
1138 988 1244 1054 Prima
1270 1012 1328 1075 per

199 1087 397 1172 Babylonem
407 1087 553 1171 intelligit
568 1087 763 1151 notissimam
777 1088 864 1151 illam
877 1087 1074 1173 Babylonem
1087 1088 1127 1153 ad
1142 1091 1326 1176 Euphraten

199 1191 304 1264 sitam,
324 1211 407 1276 quae,
438 1190 585 1275 quamvis
614 1191 783 1274 antiquum
804 1189 1009 1274 splendorem
1033 1193 1193 1276 amiserat,
1219 1202 1326 1258 tamen

197 1314 350 1378 magnam
375 1291 482 1357 adhue
505 1292 698 1357 numerabat
720 1293 899 1357 incolarum
923 1292 1179 1379 multitudinem,
1211 1299 1326 1383 quibus

197 1398 315 1461 multos
329 1396 502 1482 permixtos
518 1396 615 1459 luisse
631 1393 759 1459 ludaeos
774 1395 910 1460 traditur
926 1395 985 1482 (l).
1002 1397 1155 1481 Quamvis
1171 1398 1231 1463 sub
1252 1400 1326 1464 Caio

88 1499 90 1504 ’
197 1491 299 1564 coacti
325 1500 443 1562 luerint
463 1497 566 1562 ludaei
592 1520 611 1562 a
634 1498 798 1583 Babylone
821 1496 998 1579 discedere,
1023 1500 1085 1564 hoc
1109 1522 1173 1565 non
1194 1502 1326 1587 impedit

197 1603 369 1688 quominus
385 1603 497 1666 Petrus
512 1602 556 1666 ibi
569 1600 789 1686 praedicaverit
802 1602 854 1666 vel
868 1600 986 1665 ludaeis
1002 1613 1112 1689 postea
1125 1607 1259 1669 reversis
1275 1609 1326 1671 vel

196 1705 293 1767 etiam
309 1704 454 1767 ethnicis.
474 1704 574 1766 Porro
595 1724 703 1767 sensus
723 1703 878 1786 litteralis,
899 1724 994 1788 quem
1012 1706 1158 1769 nonnulli
1180 1729 1325 1794 sequnn-

196 1819 260 1891 tur,
278 1809 376 1872 aliam
390 1807 637 1892 explicationem
652 1827 717 1870 non
733 1807 862 1890 patitur.

241 1914 272 1976 7.
293 1910 441 1976 Secunda
457 1911 612 1974 sententia
629 1931 687 1995 per
703 1909 899 1995 Babylonem
913 1910 1052 1973 Romam
1073 1910 1230 1996 intelligit,
1254 1935 1324 1999 quae

177 2019 249 2081 ’bic
264 2025 394 2102 propter
415 2014 628 2080 idololatriam
653 2034 846 2098 morumque
870 2014 1084 2097 corruptelam
1105 2016 1324 2100 metaphorica
1386 2079 1388 2082 .

193 2119 339 2204 Babylon
352 2117 438 2183 dieta
455 2118 562 2182 luerit.
577 2118 703 2181 Etenim
723 2115 823 2180 Jndaei
840 2118 977 2180 Romam
998 2116 1057 2180 sub
1073 2117 1243 2203 Babylonis
1262 2142 1324 2185 no·
1421 2193 1426 2200 ι

193 2224 280 2297 mine
300 2221 467 2307 designare
485 2221 639 2286 amabant
656 2220 716 2306 (2).
735 2219 949 2304 Allegorieam
966 2228 1073 2283 autem
1097 2222 1180 2285 hanc
1202 2222 1322 2307 signifi-

192 2327 351 2390 cationem
361 2325 539 2391 christianis
548 2346 613 2388 non
621 2324 802 2387 inusitatam
813 2323 910 2386 luisse
920 2331 1006 2407 patet
1015 2344 1053 2385 en
1064 2323 1253 2410 Apocalypsi
1261 2326 1319 2411 (ὅ).
1331 2342 1342 2352 ·

167 2421 169 2425 ’
191 2429 284 2493 Hanc
299 2429 498 2510 sententiam,
514 2437 629 2512 praeter
644 2426 908 2510 subscriptionem
927 2426 1155 2491 nonnullorum
1174 2427 1321 2493 codicum

192 2532 322 2596 firmant
330 2539 452 2596 veteres
464 2531 613 2594 Ecclesiae
629 2529 809 2614 scripturae,
823 2529 938 2613 Papias
951 2527 1164 2613 (l),Clcmens
1181 2530 1322 2596 Alexan-

158 2690 160 2693 ,
191 2634 315 2718 drinus,
333 2634 558 2720 Hieronymus,
576 2632 828 2720 chrysostomus,
846 2633 912 2706 alii.

238 2740 269 2800 8.
284 2737 422 2821 Tempus
435 2745 522 2800 certa
539 2734 664 2799 deliniri
677 2736 798 2821 nequit.
817 2735 1023 2802 Communior
1039 2738 1146 2822 opinio
1169 2739 1320 2822 scriptam

194 2838 293 2903 babet
305 2840 478 2923 Epistolam
495 2839 579 2902 eirea
594 2858 716 2901 annum
732 2858 802 2900 aerae
814 2839 955 2923 vulgaris
967 2839 1021 2902 65.
1034 2839 1143 2904 Graeee
1157 2850 1320 2904 exaratam

192 2942 290 3006 fnisse
306 2963 401 3006 nemo
417 2941 552 3007 dubitat.

237 3047 269 3108 9.
286 3047 460 3109 Auctoritas
484 3048 637 3110 canonica.
664 3045 725 3125 Qui
750 3046 971 3109 anctoritatem
989 3043 1085 3129 hujus
1103 3043 1248 3129 Epistolae
1262 3066 1319 3108 ne-

192 3147 338 3232 gaverint
350 3169 414 3211 nan
427 3149 480 3211 alii
495 3158 671 3212 noscuntur
687 3149 720 3211 in
748 3157 813 3211 tota
837 3131 1035 3233 antiquitate,
1062 3168 1160 3233 quam
1187 3146 1318 3232 quidam

191 3250 282 3313 Pauli
299 3250 496 3315 samosateni
512 3248 659 3336 discipuli
692 3259 724 3314 et
739 3249 928 3315 Theodorus
958 3252 1208 3335 Mopsuestenus,
1238 3272 1319 3335 quos

190 3354 289 3417 secuti
302 3362 387 3435 sunt,
406 3362 513 3416 nostra
533 3362 636 3436 aetate,
659 3354 804 3417 nonnulli
826 3354 1052 3417 Rationalistae.
1073 3352 1136 3417 Sed
1157 3355 1226 3417 haec
1242 3353 1318 3437 Epi-

189 3456 271 3519 stola
289 3454 364 3520 inde
384 3456 427 3519 ab
445 3457 533 3520 initio
550 3456 742 3520 unanimiter
762 3466 890 3542 recepta
911 3457 982 3541 suit,
1001 3466 1037 3520 ut
1057 3465 1189 3520 testatur
1216 3457 1318 3520 Eusc-

224 3722 259 3784 (l)
277 3720 333 3770 viu.
353 3721 453 3783 sanna,
476 3722 566 3787 Geopr.
588 3721 653 3786 ltvl3
675 3723 782 3784 Plinius,
801 3722 868 3772 Hist.
881 3726 934 3770 nah
957 3719 998 3781 tt,
1019 3720 1065 3784 263
1086 3719 1151 3768 Flav.
1169 3718 1315 3780 losephus,

188 3803 358 3868 Anticallv,
371 3805 395 3865 5,
410 3806 461 3855 tet
471 3805 555 3867 xvttt,
569 3805 608 3865 10,
622 3807 644 3855 1.

222 3885 258 3949 (2)
269 3885 326 3936 vid.
342 3886 505 3951 schoettgen,
522 3888 600 3938 Hora
611 3887 690 3939 near.
704 3902 729 3950 p.
746 3886 808 3937 1050
819 3892 846 3937 et
859 3884 930 3935 tras.

221 3969 256 4032 (3)
269 3968 378 4032 Apocal.
390 3968 453 4031 xvt,
471 3969 509 4029 ta
526 3958 600 4031 XVll,
616 3970 640 4034 53
653 3969 736 4030 xvttt,
749 3969 773 4019 2.
852 4032 854 4035 ι

220 4049 255 4114 (l)
266 4050 359 4101 Enseh.
377 4050 445 4102 Hs'st.
460 4051 529 4103 Eccl.
545 4051 576 4113 lt,
594 4053 633 4102 ts.
649 4069 660 4100 a
674 4053 754 4103 Porro
764 4049 840 4102 Marci
852 4049 1006 4100 mentionem
1018 4047 1073 4097 lieri
1090 4047 1161 4097 aiunt
1177 4044 1275 4109 (Papias
1291 4051 1317 4094 et

187 4132 306 4183 Clemens
318 4132 368 4196 lt.)
380 4146 393 4182 a
404 4133 481 4184 Petra
493 4135 519 4184 ia
531 4123 614 4198 priore
627 4134 746 4197 Epistola,
760 4147 835 4197 quam
847 4133 932 4183 Rornae
942 4131 1061 4192 scriptam
1080 4142 1135 4180 esse
1150 4127 1315 4186 contendunt,

187 4216 266 4278 idque
283 4217 388 4266 Petrum
406 4216 489 4278 ipsum
509 4218 636 4278 innuere,
660 4218 704 4280 qul
724 4217 827 4266 hemam
848 4214 954 4278 figurate
976 4212 1126 4275 Babylonem
1146 4210 1253 4274 appellat
1278 4207 1317 4257 his

187 4297 272 4349 verbis
286 4311 292 4348 :
305 4298 409 4350 Salutat
421 4312 465 4349 aros
476 4299 613 4364 Babylonis
625 4299 745 4350 Ecclesia.
759 4297 810 4347 Cir.
825 4297 992 4359 Hieronymus
1004 4298 1036 4361 De
1046 4295 1096 4344 cir.
1109 4292 1147 4345 ill.
1159 4294 1182 4343 1.
