3132 4964
249 275 291 340 to
463 299 663 343 rmnouucno
685 268 833 342 scansus
854 297 888 339 ut
910 296 936 339 s.
961 293 1161 338 scarrrunsu.

248 397 349 481 libris,
365 399 452 462 nulla
464 407 572 464 tamen
585 397 701 463 exinde
714 395 933 563 contradiss'o,
944 415 1019 458 nam
1029 392 1144 458 eodem
1156 403 1232 458 tunc
1245 392 1377 457 nomine

248 498 380 565 diversae
403 500 610 588 designantur
632 475 923 599 personae.[Cctea
946 518 1017 585 quae
1053 498 1086 561 iu
1121 496 1376 583 Paralipomeuis
1472 532 1477 543 =
1544 536 1545 547 .

249 612 421 667 narrantur
443 625 482 667 ex
510 603 739 689 probatissimis
763 601 904 666 fontibus
928 600 1119 686 deprompta
1141 611 1225 664 sunt.
1252 598 1377 664 laudat

249 704 335 766 enim
358 714 469 770 auctor
492 707 639 791 antiquas
661 705 808 770 historias
830 703 899 791 (l),
923 684 1053 767 Davidis
1074 700 1186 784 fastos,
1210 702 1376 787 utriusque

248 809 338 891 regni
349 809 480 872 annales
492 830 530 873 ac
543 809 631 872 varia
646 808 762 893 scripta
775 807 1021 891 Prophetarum,
1032 803 1375 887 Samuelisllathanis,

248 908 331 994 aaa,
348 885 418 974 rui
475 912 604 994 nonus,
624 898 768 993 natta,
786 910 882 991 Jeou,
900 909 989 972 nate
1004 917 1035 972 a
1047 892 1144 975 utut
1159 886 1231 999 (ait

293 1013 324 1073 8.
372 1033 424 1075 sus
459 1033 474 1075 s
501 1013 597 1097 igitur
612 1022 724 1076 auctor
739 1011 968 1096 probatissimis
988 996 1152 1096 fontibus]
1158 1007 1252 1089 Quod
1268 1016 1378 1072 autern

248 1114 286 1177 iis
300 1113 325 1176 fi·
346 1115 435 1178 cliter
455 1136 530 1178 usus
546 1115 585 1178 sit
600 1137 639 1178 cx
657 1114 803 1200 pluribus
820 1114 986 1178 evincitur.
1007 1113 1145 1194 Etenim,
1162 1112 1187 1174 si
1208 1109 1378 1176 studuisset
1477 1140 1482 1145 ·
1538 1130 1542 1137 ·

248 1235 300 1278 res
311 1216 404 1280 aliter
415 1217 536 1281 relerrc
550 1238 649 1302 quam
670 1218 703 1280 in
727 1216 868 1280 lontibus
889 1214 1054 1300 descripta
1076 1213 1296 1278 crant-lectori
1319 1234 1378 1277 cur

249 1318 353 1382 fontes
366 1321 450 1404 ipsos
462 1329 550 1383 tanta
563 1341 639 1384 cura
652 1308 824 1384 indicavit?
834 1319 866 1383 si
879 1318 958 1383 fictis
970 1318 1107 1382 historiis
1119 1316 1237 1397 Judaeis
1248 1318 1378 1402 placare

249 1419 430 1505 studuisset,
457 1443 513 1486 cur
534 1431 600 1486 tarn
622 1425 721 1488 multa
746 1421 875 1505 decora,
897 1422 1058 1486 notissima
1082 1431 1112 1485 et
1135 1422 1168 1484 in
1192 1420 1379 1486 Judaeorum

250 1522 380 1586 laudern
403 1523 488 1588 edita
508 1525 632 1589 silentio
651 1525 878 1610 praetermisit?
898 1526 962 1591 Cur
983 1523 1068 1588 bolla
1092 1524 1220 1589 Davidis
1245 1523 1379 1611 ejusque

250 1625 409 1710 victorias,
430 1627 609 1692 Salomonis
625 1626 766 1714 prudens
777 1627 949 1715 judicium,
963 1629 1130 1691 sanitatem
1142 1628 1282 1692 Ezechiae
1297 1649 1380 1712 pro-

251 1728 371 1813 digiose
394 1731 571 1795 restitutam
593 1730 718 1795 tacuit?
750 1754 807 1796 eur
836 1732 934 1795 multa
960 1730 1115 1815 probrosa
1139 1730 1172 1793 in
1196 1729 1266 1794 aliis
1288 1729 1380 1794 libris

252 1833 379 1914 omissa,
398 1834 662 1897 intermissionem
687 1835 758 1897 lesti
781 1834 956 1916 Paschatis,
975 1833 1108 1897 crimine
1124 1833 1222 1914 Joasi,
1240 1833 1379 1897 Amasiae

251 1941 283 1995 et
305 1934 398 2016 ons,
420 1932 608 2029 produxit?
631 1936 776 2021 Denique
798 1934 993 2020 impossibile
1016 1936 1138 2001 auctori
1159 1935 1268 1998 luisset
1292 1935 1379 1998 facta

251 2035 371 2121 fingere
395 2039 446 2101 vel
464 2038 581 2123 scripta
599 2048 781 2123 pervertere
802 2062 866 2127 quo
891 2049 1048 2125 tompore,
1066 2048 1101 2102 ut
1118 2060 1158 2102 cx
1175 2038 1317 2123 allegatis
1335 2038 1380 2101 ab

251 2140 320 2224 ipso
336 2140 459 2226 scriptis
474 2150 607 2225 constat,
622 2141 788 2206 exstabant
803 2143 905 2206 multa
924 2142 1041 2226 scripta
1052 2139 1234 2205 authentica
1252 2141 1285 2203 in
1301 2140 1380 2226 qui-

252 2241 312 2306 bus
327 2240 485 2329 descripta
502 2245 746 2310 inveniebantur
762 2247 870 2310 omnia
886 2267 957 2331 quae
978 2245 1044 2330 ipse
1056 2243 1223 2310 recitabat.
1239 2243 1277 2306 Et
1290 2241 1380 2329 quod

253 2347 354 2430 magis
366 2345 473 2410 adhuc
484 2347 601 2432 probat
615 2349 714 2412 libros
726 2349 994 2432 Paralipomenon
1010 2348 1140 2415 omnino
1153 2367 1283 2411 veraces
1296 2367 1378 2429 esse,

252 2445 333 2510 illud
348 2448 492 2533 estquod
509 2449 675 2514 miraeum
689 2451 777 2514 libris
790 2453 916 2535 Regum
930 2448 1135 2517 concordant.
1154 2449 1278 2513 Etenim
1295 2468 1380 2533 saepe

255 2561 430 2615 consonant
449 2551 644 2627 adamussim
660 2562 690 2617 et
709 2554 776 2617 fero
792 2552 834 2617 ad
851 2554 998 2636 verbum,
1016 2553 1078 2616 hac
1098 2553 1166 2616 sola
1185 2550 1378 2634 differentia,

255 2651 341 2739 quod
358 2653 489 2719 vocibus
514 2654 750 2720 obscurioribus
769 2666 826 2721 aut
840 2656 989 2721 obsoletis
1007 2657 1156 2721 clariores
1172 2655 1378 2738 substituunt,

181 2750 183 2753 ’
254 2764 286 2818 et
304 2754 389 2841 quod
406 2758 520 2842 saepius
535 2760 744 2841 narrationes,
761 2757 893 2844 adjectis
909 2759 1102 2845 quibusdam
1119 2758 1223 2823 verbis
1243 2766 1298 2821 aut
1312 2758 1382 2820 cir-

255 2862 462 2943 cumstantiis,
488 2861 752 2947 intelligibiliores
773 2860 924 2944 reddunt,
950 2860 1145 2947 quandoque
1167 2870 1274 2924 tamen
1298 2880 1380 2942 per-

254 2963 411 3048 stringunt
436 2985 474 3028 ea
497 2985 569 3050 quae
593 2965 692 3029 fusius
714 2963 873 3028 habentur
901 2965 933 3029 in
957 2962 1046 3027 libris
1068 2965 1206 3048 Regum.
1230 2961 1382 3025 Ceterum

255 3066 341 3130 idem
358 3068 498 3133 cernitur
517 3068 599 3132 etin
617 3067 705 3132 libris
728 3070 855 3152 Regum
871 3075 902 3130 et
925 3066 957 3129 in
971 3065 1222 3150 Paralipomenis
1241 3062 1382 3126 historiae

254 3178 384 3252 trames,
415 3168 500 3234 idern
529 3170 735 3234 successionis
755 3189 867 3254 regum
892 3178 922 3232 et
944 3178 1105 3253 gestorum
1133 3164 1224 3231 ordo.
1252 3165 1284 3229 Si
1309 3185 1383 3250 quae

255 3282 427 3336 occurrunt
444 3275 477 3336 in
495 3275 625 3337 minutis
641 3272 837 3355 differentiae,
853 3294 898 3336 cae
912 3273 1015 3336 velex
1035 3269 1159 3335 mendis
1174 3269 1382 3333 librariorum

255 3372 436 3554 repetendae
451 3363 534 3458 sunt,
549 3376 601 3439 vel
614 3358 880 3440 contradictiones
893 3395 980 3438 mere
999 3381 1188 3457 apparentes
1204 3370 1379 3435 continent.

81 3452 131 3547 (id
151 3452 179 3559 (i
189 3473 231 3561 ᾖ,
300 3477 331 3538 9.
350 3478 554 3541 Recentiores
569 3477 642 3542 libri
660 3479 741 3541 sacri
759 3478 853 3562 plura
868 3498 907 3540 ex
931 3476 1020 3540 libris
1035 3476 1301 3560 Paralipomenon
1318 3469 1394 3536 ad-·

255 3576 376 3641 ducunt
390 3578 439 3663 (o)
453 3603 462 3661 3
485 3580 692 3664 Evangelistae
716 3580 936 3665 genealogiam
954 3579 1126 3642 Salvatoris
1143 3577 1243 3641 exeis
1258 3574 1382 3660 depro-

254 3690 356 3746 munt.
380 3683 491 3746 Merito
518 3683 613 3768 igitur
638 3683 807 3769 losephus,
829 3683 942 3747 merito
966 3680 1068 3745 iudai
1091 3690 1187 3767 atque
1212 3678 1383 3743 Christiani

287 3902 322 3965 (1)
337 3901 352 3952 Ι
365 3900 456 3951 Parui.
475 3901 515 3958 lv.
529 3900 571 3961 22,
583 3900 699 3952 hebraice
708 3899 786 3951 vnto
795 3907 891 3962 vetera
908 3901 1002 3964 quibus
1011 3899 1115 3950 vocibus
1128 3898 1254 3961 designari
1265 3896 1384 3947 historias

254 3985 348 4047 scripto
361 3989 474 4033 exaratas
489 3982 560 4033 tacite
579 3982 715 4046 perspiciet
734 3984 779 4047 qui
798 3983 934 4034 attenderit
951 3983 983 4034 ad
1006 3982 1032 4033 ll
1051 3981 1115 4031 Par.
1131 3981 1183 4041 xx,
1197 3981 1229 4029 st
1249 3976 1382 4030 ubiocrba

254 4065 316 4115 lehn
331 4065 463 4127 designant
476 4066 594 4129 scriptam
609 4065 640 4114 ab
650 4078 681 4115 eo
692 4066 831 4115 historiam.

288 4147 322 4209 (Ξ)
333 4147 347 4197 l
354 4147 444 4197 Perat.
453 4146 547 4198 xxvtt.
560 4147 606 4204 tn
619 4147 704 4208 xxix,
714 4147 761 4209 iim
773 4145 952 4206 11Parav.1x‚
964 4143 1069 4204 tmxtl,
1081 4143 1186 4206 15;th‚
1195 4143 1241 4200 54ς
1252 4141 1325 4202 XXV,
1337 4138 1380 4199 aa

255 4229 339 4290 xxvi,
353 4228 396 4289 aa
412 4230 508 4291 XXth,
523 4233 547 4289 t,
563 4230 610 4288 2¹13
626 4229 722 4290 XXXH,
732 4229 776 4288 323
792 4225 1086 4289 xxxllt,18;xxxvtt.
1102 4227 1128 4275 8.

287 4311 322 4375 (5)
333 4309 385 4361 Cir.
402 4310 503 4361 lEsdr.
519 4312 538 4373 l,
550 4311 644 4362 ritant.
662 4312 685 4373 t,
694 4311 762 4375 9413
776 4309 860 4373 xxvvi,
874 4309 959 4374 iol-553
972 4309 1031 4361 Luc.
1043 4306 1084 4369 ltl,
1095 4305 1136 4368 Xi,
1150 4305 1192 4367 513
1204 4302 1264 4356 Act.
1274 4299 1326 4362 vti,
1336 4300 1380 4353 48.
