3132 4964
303 335 379 379 rsus
394 337 418 381 ι.
438 336 530 380 assur
548 338 590 381 rr.
608 337 647 381 ns
662 339 759 382 annis
775 341 879 389 asnaa
893 342 930 385 nr
946 342 1102 398 masura.
1236 317 1278 409 θῇ

113 448 115 459 “
157 433 265 497 volunt
280 432 364 499 istnd
381 455 472 523 opus,
489 443 585 520 prout
596 457 682 501 nunc
697 447 809 520 exstat,
826 439 952 505 nonnisi
963 447 1069 524 partes
1081 432 1133 505 rel
1143 440 1299 525 paucio·

133 544 136 549 ⁴
157 558 205 601 res
216 538 267 601 vel
279 538 387 622 plures
400 537 443 602 ab
454 536 554 603 Esdra
569 539 707 607 trahere.
722 541 769 604 Ex
782 540 951 607 Catholicis
967 542 1101 606 lluetius
1116 538 1278 606 contendit

155 661 209 707 sex
223 641 330 726 priora
348 641 451 727 capita
469 662 534 707 non
552 642 649 707 fuisse
663 641 706 719 ab
724 641 825 707 Esdra
842 653 984 727 exarata,
1005 645 1060 730 qni
1076 641 1277 711 solummodo
1436 700 1443 719 ,

156 751 278 827 partem
300 743 510 827 posteriorem
534 743 767 828 conscripserit.
787 725 905 842 [llnnm
920 728 1037 834 *antem
1063 744 1278 830 eumdemque
1319 692 1490 819 adfffll

158 845 248 908 totius
260 844 334 909 libri
347 855 511 911 auctorem
523 867 591 910 esse
602 855 690 932 patet
701 869 740 911 ex
752 849 949 914 connexione
962 859 1059 935 atque
1073 848 1277 935 dispositione
1328 883 1348 925 a
1372 876 1375 882 ·

39 942 44 959 '
158 947 345 1012 narrationis
361 957 442 1011 etex
460 949 538 1034 stylo
552 950 606 1034 qui
621 948 708 1017 idem
722 973 790 1016 esse
805 973 863 1037 per
875 953 1060 1017 universum
1073 952 1190 1017 librum
1207 973 1277 1016 cer-

157 1047 251 1111 nitur.
277 1049 336 1112 Ille
355 1059 463 1114 autem
483 1060 595 1115 auctor
615 1052 696 1116 alius
718 1074 785 1117 esse
807 1054 918 1139 nequit
939 1074 1037 1139 quam
1059 1055 1127 1140 ipse
1148 1034 1290 1157 Esdras]

158 1150 319 1237 Siquidem
332 1163 443 1217 auctor
457 1155 606 1218 continuo
620 1156 653 1218 in
670 1156 774 1241 prima
791 1178 928 1242 persona
946 1157 1086 1243 loquitur
1098 1165 1130 1221 et
1144 1155 1277 1221 Esdram

157 1272 188 1316 se
207 1254 352 1318 nominat
370 1254 429 1341 (1).
452 1255 610 1343 Objicitur
630 1256 762 1344 quidem
789 1259 963 1323 versiculus
987 1261 1031 1324 4“·
1055 1280 1127 1344 cap.
1156 1258 1196 1340 V,
1221 1256 1277 1321 ubi

39 1385 52 1429 y
157 1363 266 1418 auctor
295 1355 420 1420 videtur
447 1379 480 1421 se
505 1379 676 1423 numerare
691 1360 773 1425 inter
793 1345 956 1447 personas,
977 1382 1049 1447 quae
1074 1360 1277 1444 lerosolymis

37 1498 46 1557 ⁸.
156 1455 289 1522 aderant
304 1458 364 1523 sub
383 1460 479 1524 Dario
495 1460 641 1547 Hystaspi
658 1484 666 1525 ε
683 1463 735 1526 Ad
754 1463 843 1547 qaod,
864 1463 978 1551 inquit,
999 1463 1207 1548 respondimus
1223 1463 1277 1535 eis,

158 1569 214 1625 etc.
234 1559 298 1625 Sed
322 1561 404 1626 hene
430 1563 625 1648 respondent
651 1565 768 1650 Dupin,
790 1565 909 1645 Glaire‚
926 1566 991 1650 alii,
1020 1563 1155 1628 Esdram
1176 1565 1277 1628 histo-

158 1665 235 1729 riam
250 1665 437 1731 Judaeorum
450 1666 683 1733 describentem
698 1679 784 1734 recte
796 1671 935 1755 potuisse
948 1670 1077 1734 nomine
1093 1666 1278 1743 ludaeorum

160 1765 265 1833 dicere
282 1791 291 1831 z
307 1771 527 1855 respondimus,
547 1772 628 1836 sicut
651 1772 753 1836 solent
770 1773 1017 1858 historiographi
1039 1772 1146 1837 dicere
1162 1770 1203 1834 de
1221 1792 1278 1834 sua

160 1871 308 1936 natione:
325 1871 442 1935 Bellum
459 1876 614 1958 pessirnus,
630 1896 737 1959 pacem
761 1877 918 1956 s'rsisimus5
933 1875 1079 1961 quamvis
1097 1873 1192 1937 etiam
1210 1872 1278 1936 lieri

159 1976 240 2058 potu'
271 1976 306 2037 ut
320 1973 436 2038 Esdras
447 1997 505 2060 per
519 1974 599 2040 duas
617 1978 701 2041 vices
712 1977 943 2062 lerosolymam
961 1978 1093 2041 venerit.

145 2080 164 2163 ζ,
198 1984 347 2167 dlljtiber
360 2077 532 2161 Nehemise,
548 2079 603 2164 qui
619 2086 650 2142 ct
662 2077 769 2141 Esdrse
787 2077 943 2143 secundus
961 2088 1093 2143 vocatur
1105 2080 1179 2165 quia
1201 2100 1277 2164 pro·
1347 2094 1368 2131 ιε’
1384 2102 1389 2109 ’

34 2196 35 2203 “
140 2172 299 2265 ”seqnitur
313 2181 526 2244 narrationem
547 2182 782 2245 instaurationis
794 2181 983 2264 Jerusalem,
999 2190 1163 2246 auctorem
1180 2180 1277 2245 hahet

158 2280 354 2365 Nehemiam,
377 2281 463 2367 quod
483 2305 522 2346 ex
548 2285 617 2368 ipso
645 2283 718 2347 libri
740 2283 828 2347 initio
853 2284 1019 2348 manifeste
1040 2292 1128 2369 patet
1149 2307 1157 2346 ι
1179 2283 1278 2347 Verba

160 2383 315 2458 Nehems‘ae,
339 2385 401 2470 fitis·
421 2385 544 2450 Heloria.
571 2388 612 2450 Et
642 2386 756 2471 sactum
779 2397 823 2449 est
845 2387 877 2448 in
901 2407 1001 2449 manse
1026 2374 1159 2460 Casta:
1195 2407 1275 2448 anno

159 2488 306 2571 vigesimo,
339 2500 367 2551 ct
389 2510 442 2573 epo
476 2511 558 2555 eram
594 2492 626 2552 irs
655 2490 741 2553 Suss's
769 2455 880 2595 costr&
904 2487 1053 2551 Attamen
1083 2498 1194 2552 auctor
1216 2488 1277 2572 Sy-

33 2652 35 2663 ,
159 2612 290 2676 nopseos
310 2591 542 2675 Athanasianae,
563 2592 595 2655 S.
613 2590 852 2677 chrysostomus
875 2600 907 2653 et
929 2590 1029 2676 Beda,
1049 2591 1135 2655 hunc
1159 2589 1277 2653 librum

33 2690 35 2751 i
158 2692 260 2758 Esdrse
279 2695 470 2779 tribuerunt,
485 2696 546 2759 hac
564 2695 631 2759 sola
648 2694 771 2758 ratione
788 2694 852 2757 nixi
869 2691 956 2780 quod
976 2703 1111 2778 uterquc
1128 2701 1158 2756 et
1171 2688 1277 2754 lisdrae

52 2822 56 2831 .
158 2806 187 2860 et
201 2798 362 2862 Nehemiae
377 2798 459 2862 liber
471 2819 571 2862 unum
589 2798 666 2862 olim
679 2797 829 2862 volumen
842 2795 1035 2860 efformaret.
1051 2795 1089 2858 D.
1103 2793 1216 2858 Danko
1229 2793 1277 2879 (2)

158 2910 298 2965 autumat
314 2903 401 2966 hunc
413 2900 531 2965 librum
543 2901 712 2966 recentiori
725 2908 814 2963 setam
828 2898 887 2963 sub
903 2897 1092 2963 Machahaeis
1113 2905 1277 2961 exaratum

159 3001 250 3066 imese
263 3025 303 3067 ex
315 3002 422 3067 diariis
436 3003 595 3067 Nehemiae
607 3001 743 3066 fideliter
754 3022 856 3087 usque
871 2999 914 3063 ad
928 3001 1012 3064 hanc
1026 3008 1150 3063 aetatem
1166 3018 1278 3061 serva-

158 3105 205 3168 tis.
225 3104 287 3169 Sed
305 3107 363 3170 ista
380 3106 533 3170 sententia
545 3114 658 3191 peceat
676 3113 785 3168 contra
804 3101 954 3166 disertam
971 3102 1045 3166 libri
1057 3101 1275 3183 assertionem,

65 3254 68 3267 .
159 3207 201 3269 uti
224 3216 321 3292 patet.
347 3206 520 3271 Difficultas
533 3205 663 3292 quidem
679 3206 833 3290 ingeritur
848 3226 886 3268 ex
903 3225 975 3289 cap.
992 3204 1064 3284 XII,
1083 3203 1196 3283 ll-II,
1222 3199 1278 3264 ubi

160 3312 275 3375 mentio
290 3310 325 3373 fit
340 3308 476 3394 Jeddoa,
499 3311 615 3373 summi
632 3308 816 3391 sacerdotis,
831 3309 885 3394 qui
896 3306 988 3393 juxta
1004 3308 1042 3370 D.
1059 3306 1173 3370 Danko
1194 3306 1278 3369 circa

162 3422 282 3478 statem
300 3413 474 3478 Alexandri
500 3414 608 3498 hlagni
629 3415 753 3495 vixerit,
782 3422 816 3476 ut
844 3412 910 3496 ipse
936 3411 1056 3495 colligit
1078 3431 1116 3473 ex
1138 3408 1278 3493 losepho

162 3514 279 3601 (Antip.
305 3517 361 3600 XI,
388 3518 408 3579 7
416 3567 424 3599 ,
450 3518 494 3600 2).
520 3515 581 3580 Sed
604 3513 789 3601 responderi
814 3524 916 3599 potest
939 3514 990 3577 vel
1012 3514 1086 3577 istos
1107 3511 1279 3577 versiculos

162 3617 254 3682 fuisse
270 3630 377 3704 postea
397 3618 550 3705 adjectos,
573 3620 623 3682 vel
640 3617 775 3701 Jeddoa,
798 3617 923 3704 dequo
948 3638 1052 3681 sermo
1075 3625 1121 3679 est
1145 3618 1178 3678 in
1196 3615 1278 3679 libro

162 3718 329 3802 Nehemiae,
355 3741 525 3805 personam
542 3741 608 3783 esse
626 3718 806 3783 distinctam
822 3741 841 3782 a
857 3717 989 3798 sadrius,
1008 3738 1104 3803 quem
1121 3724 1279 3779 memorat

161 3822 323 3907 losephns.
342 3825 413 3888 Alia
429 3825 582 3908 ingeritur
596 3820 764 3886 difficultas
778 3843 816 3885 ex
833 3843 904 3906 cap.
920 3822 1007 3903 XIII,
1027 3822 1079 3900 28,
1093 3818 1148 3883 ubi
1168 3827 1280 3882 auctor

163 3927 269 3989 asserit
283 3948 348 3990 sea
364 3947 397 3989 se
415 3924 561 4011 rejecisse
582 3925 766 3989 Sanahallat
783 3925 982 4006 Horonitem,
998 3920 1153 4006 Joscphus
1172 3929 1279 3984 autem

47 4109 50 4114 Ι
161 4026 254 4091 tradit
271 4029 403 4091 ¹missum
420 4028 515 4092 fuisse
528 4027 712 4092 Sanaballat
729 4027 905 4089 Samariam
920 4025 962 4089 ab
978 4025 1091 4089 ultimo
1109 4024 1278 4087 Persarum

197 4277 232 4347 (t)
242 4278 258 4330 1
265 4280 343 4332 Esdr.
358 4280 410 4343 vlt,
421 4280 446 4344 6,
459 4281 499 4345 th
514 4281 545 4344 X,
562 4283 587 4344 t,
600 4280 662 4345 λδ,
679 4281 719 4342 to,
735 4279 775 4331 16.

198 4363 233 4429 (2)
243 4364 337 4429 Dante,
351 4365 468 4417 Historia
481 4365 644 4417 revetationis
657 4363 760 4426 biblica,
777 4376 834 4429 pag.
849 4362 907 4415 5¹7.
