3142 4964
241 5 479 286 syr,

312 146 324 193 Ι

143 278 146 283 ‚
284 279 325 341 54
370 336 375 349 ,
506 300 706 342 taraooucrlo
723 298 870 342 SPECIAHS
885 299 919 340 11t
936 298 961 340 S.
981 294 1180 338 scelerosam.

284 397 428 481 peranda
445 419 509 462 non
530 408 678 463 tacens...
698 400 808 485 Neque
826 400 912 462 enim
930 397 1005 483 quia
1017 393 1191 459 ‘laudabilis
1205 404 1274 459 erat
1291 395 1412 478 David,

284 498 357 565 ideo
381 511 511 586 peccata
533 501 612 587 ejus,
631 524 709 588 ,quae
731 504 823 577 Deus¹
840 521 969 587 quoque
990 500 1094 584 arguit
1116 519 1175 583 per
1194 499 1410 583 prophetam,

283 604 336 666 vel
353 604 563 688 approbanda
582 605 634 668 vel
651 603 806 668 imitanda
823 613 906 668 sunt.
928 602 1014 666 Sicut
1033 623 1093 665 nec
1115 602 1149 664 in
1171 602 1283 665 Pontio
1305 602 1415 665 Pilato

283 707 530 792 vituperandum
561 694 631 790 est,
669 707 756 794 quod
791 708 944 773 adversus
978 706 1194 770 accusationes
1223 703 1414 769 Judaeorum

284 811 486 874 innocentem
519 813 691 876 Dominum
721 810 912 897 judicavit:
947 831 1007 873 nec
1035 810 1069 871 in
1090 809 1184 871 Petro
1209 805 1413 872 laudandum

284 922 340 991 est,
369 913 457 999 quod
478 915 629 981 eumdem
653 917 824 979 Dominum
848 924 895 977 ter
919 914 1057 997 negavit.
1082 938 1096 972 a
1119 913 1251 995 Moyses,
1274 913 1354 975 sicut
1378 921 1413 973 et

283 1018 382 1079 ceteriv
401 1020 579 1103 vscriptores
604 1020 816 1104 theopneusli,
837 1018 928 1082 nobis
955 1015 1097 1080 diuinam
1123 1016 1351 1081 revelationem
1377 1024 1414 1076 et

283 1139 354 1202 quae
372 1119 441 1204 ejus
463 1124 735 1186 conservationem
753 1131 908 1206 spectant,
924 1120 1045 1199 litteris,
1066 1117 1221 1202 dirigente
1241 1119 1319 1199 Deo,
1337 1126 1412 1179 tra·
1486 1149 1489 1155 ν

282 1219 374 1285 didit.
394 1224 478 1287 Deus
494 1235 613 1305 autem,
640 1226 707 1309 qui,
726 1223 768 1286 ad
790 1221 981 1287 servandam
999 1224 1080 1285 inter
1095 1222 1241 1284 homines
1265 1218 1412 1282 divinam

282 1325 522 1408 revelationem,
537 1348 613 1390 usus
626 1338 671 1390 est
683 1329 857 1390 ministerio
871 1326 1125 1410 patriarcharum
1138 1334 1169 1387 et
1180 1324 1290 1408 populi
1303 1323 1412 1386 Israe-

283 1426 382 1506 litici,
412 1449 465 1492 cos
488 1430 713 1514 impeccabiles
737 1452 801 1493 nun
824 1429 987 1506 reddidit,
1014 1428 1159 1513 quamvis
1190 1447 1272 1510 saepe
1295 1447 1432 1489 eorum·

282 1530 422 1593 actiones
439 1532 471 1594 in
484 1542 593 1617 typum
609 1554 732 1614 eorum,
748 1554 819 1618 quae
831 1533 890 1595 sub
903 1532 1024 1596 Christo
1040 1531 1147 1593 futura
1163 1538 1264 1610 erant,
1281 1527 1411 1592 ordina-

282 1631 361 1693 verit
379 1634 486 1717 eisque
511 1635 687 1718 peculiares
707 1636 823 1720 gratias
845 1636 995 1720 elargitus
1014 1634 1063 1697 sit.
1087 1631 1178 1695 Unde
1202 1632 1411 1716 consequitur

281 1731 479 1799 divinitatem
494 1737 729 1821 seripturarum
746 1759 810 1802 non
824 1738 978 1802 maculari
994 1747 1048 1800 aut
1064 1736 1132 1800 tolli
1148 1757 1167 1798 a
1183 1735 1288 1819 pravis
1305 1735 1411 1797 homi-

281 1858 359 1899 num
377 1840 554 1903 actionibus
572 1842 654 1904 iniis
670 1842 787 1904 relatis.
1135 1835 1139 1842 ’
1530 1918 1533 1923 4

324 1941 412 2004 Alias
438 1940 639 2007 difficultates
656 1964 726 2029 quae
745 1945 798 2008 hic
824 1946 929 2029 urgeri
949 1951 1087 2028 possent,
1103 1940 1173 2025 jam
1198 1940 1349 2004 solvimus
1373 1940 1408 2002 in
1472 2020 1475 2026 Ι

281 2043 413 2107 articulo
439 2045 640 2128 praecedenti.
667 2047 745 2127 Ques
763 2068 840 2111 uero
863 2055 1006 2131 spectant
1028 2044 1258 2129 legislationem
1282 2043 1408 2104 mosai-

280 2166 351 2209 cam
383 2148 446 2210 suis
477 2149 554 2213 locis
583 2152 748 2214 enucleata
783 2160 855 2214 sunt
881 2152 914 2213 in
943 2157 1077 2211 tractatu
1101 2144 1141 2208 dc
1164 2144 1408 2229 antiquitatibus

280 2249 449 2314 hebraicis
1060 2246 1063 2254 ‘

702 2488 970 2504 ...mm-..⁴-

717 2680 881 2760 CAPUT
913 2681 964 2756 ll.

664 2953 702 2991 us
725 2951 814 2992 niano
835 2951 923 2992 rosus
951 2928 1011 3012 (l).

39 3059 190 3269 (megs,
276 3152 306 3235 s
318 3167 349 3225 l.
369 3129 726 3275 Argumeatnmfflosue,
748 3148 959 3251 Nurmjpatrc,
978 3172 1070 3226 natus
1091 3132 1255 3271 est,quta
1271 3161 1405 3228 Calme-

32 3285 37 3293 ·
187 3210 208 3309 d
276 3275 355 3347 tum,
376 3287 461 3329 anno
480 3276 553 3329 ante
575 3286 671 3329 aeram
687 3267 852 3350 uulgarem
877 3241 1165 3431 lMPPostquam
1182 3266 1339 3329 'lsraelilae
1362 3288 1404 3329 ex

81 3436 88 3445 ⁴
274 3369 409 3451 AEgypto
428 3370 544 3452 egressi
560 3379 643 3450 sunt,
663 3389 736 3432 cum
754 3370 859 3453 Moyse
881 3369 941 3431 assi
966 3391 1024 3432 uus
1045 3368 1116 3451 fuit,
1134 3368 1299 3453 multaque
1315 3389 1404 3452 prae-

84 3472 88 3505 ³
114 3464 127 3547 ᾗ
180 3474 231 3553 y‘l
275 3471 362 3532 clara
378 3491 451 3532 cum
473 3492 509 3535 eo
526 3472 630 3555 gessit,
653 3471 756 3536 donec
780 3471 900 3556 Moyses
923 3492 998 3535 mox
1020 3473 1203 3553 moriturus,
1217 3470 1310 3556 jussu
1328 3472 1401 3552 Dei,

42 3596 46 3609 ¹
78 3558 86 3613 ἶ
115 3560 131 3599 '²
158 3568 184 3653 *j
214 3558 227 3573 v
272 3573 369 3636 Josue
386 3594 449 3636 suae
463 3575 571 3658 gloriae
589 3574 776 3658 participem
792 3572 931 3637 reddidit
946 3576 1061 3659 suique
1077 3570 1174 3659 ipsius
1194 3577 1262 3639 vice
1280 3576 1403 3659 populo

273 3673 440 3739 ductorem
458 3676 611 3759 praefecit.
633 3677 709 3740 Haec
723 3679 756 3740 in
774 3677 989 3740 Pentateucho
1008 3673 1213 3769 narrantur]

131 3671 204 3885 ὧι
221 3781 247 3905 ‚ly
282 3755 539 3877 [tfflistoriam
556 3778 760 3863 prosequitur
772 3778 854 3843 liber
864 3780 972 3843 Josue.
987 3779 1098 3842 Statim
1111 3780 1205 3863 igitur
1222 3789 1292 3864 post
1307 3800 1402 3842 mor—

272 3891 337 3944 tem
357 3881 476 3966 Moysi,
499 3880 618 3963 Josue,
642 3880 783 3946 Jordanc
807 3884 890 3947 sicco
915 3880 996 3967 pede
1019 3883 1215 3964 transmisso,
1242 3884 1401 3967 populum

272 3985 480 4047 israeliticum
501 3987 533 4046 in
553 3974 672 4048 terram
696 3987 884 4069 promissam
906 3983 1079 4048 introduxit
1102 4006 1241 4069 eumque
1265 3984 1402 4069 lapideis

303 4231 339 4295 (1)
350 4230 402 4282 Ct'r.
416 4231 639 4294 obtingentem
651 4230 725 4281 tibris
738 4231 869 4288 historicis
878 4232 981 4295 antiqui
990 4231 1112 4283 Fredarr'r.
1127 4231 1238 4292 Taurini,
1252 4231 1401 4281 tate-teta

270 4327 293 4363 c.
306 4313 328 4377 l;
342 4321 368 4364 et
378 4315 497 4365 latrent.
509 4315 538 4364 in
548 4314 577 4365 S.
588 4313 686 4378 Script.
701 4314 731 4364 ad
744 4314 812 4364 bunc
823 4297 967 4365 articulum.
1180 4328 1182 4334 ⁴
