3134 4934
1548 134 1549 217 l

239 294 303 360 562
467 314 667 358 rnraooucno
684 316 878 360 sancinensis
898 317 924 360 s.
942 313 1143 359 scararum.

1548 474 1549 515 i

1548 520 1549 541 i

240 416 273 478 in
285 415 401 479 virtute
414 423 446 478 ct
458 415 594 479 lectione
610 436 774 479 sacrarum
787 416 1037 501 scripturarum,
1057 425 1089 479 et
1106 416 1200 479 instet
1212 413 1379 500 praediea·

239 519 317 581 tioni
335 519 368 581 in
383 539 439 602 spe
455 518 663 582 aeternaevitae
682 496 862 607 (Ill-tvt]
886 594 887 597 Ἴ

50 522 136 718 A
151 626 194 722 p,
286 621 316 684 8.
341 619 426 683 Titus
449 630 477 681 et
495 616 601 704 insula
625 600 893 732 Cretensisl‘Titus
919 637 958 682 ex
985 618 1172 719 parentibus
1202 617 1389 703 genti-libus

116 623 149 805 Z
240 731 334 786 natus
361 704 523 828 eratJ(l){
539 722 636 784 Divus
659 721 778 784 Paulus
803 742 877 785 cum
899 743 933 786 se
957 720 1119 785 conferret
1141 743 1181 784 ex
1202 712 1380 784 Antiochia

240 823 471 907 lerosolymam
485 820 526 885 ad
546 819 789 906 interrogandos
804 822 974 907 Apostolos
990 821 1032 885 de
1050 822 1274 888 observatione
1295 823 1377 906 legis

240 926 386 990 mosaica
402 926 524 989 ritualis
541 945 651 988 seeum
666 926 837 1009 assumpsit
854 926 970 1009 Titum,
989 945 1086 1010 quem
1109 947 1176 989 non
1200 934 1377 1010 coegerunt

241 1027 385 1114 Apostoli
397 1037 433 1092 ut
445 1027 720 1092 circumcisionem
732 1028 904 1112 acciperet.
922 1026 1012 1092 Adeo
1033 1049 1127 1092 carus
1139 1037 1208 1091 erat
1219 1027 1375 1112 Apostolo

241 1132 350 1212 Titus,
384 1138 419 1194 ut
441 1130 474 1197 S.
500 1131 619 1193 Paulus
643 1127 684 1192 de
709 1151 747 1193 eo
771 1129 885 1194 dixerit
914 1128 957 1193 ad
980 1129 1230 1216 Corinthios-(T)
1251 1151 1285 1193 se
1308 1137 1377 1193 uo'n

240 1233 391 1296 hahuisse
413 1231 446 1294 in
470 1228 593 1294 Troade
618 1231 775 1316 requiem,
798 1231 874 1315 quia
896 1230 940 1294 ihi
964 1251 1029 1294 nou
1052 1231 1217 1294 invenerat
1239 1230 1377 1319 fratrem

241 1356 334 1399 suum
346 1335 462 1397 Titum.
478 1334 579 1397 Porro
591 1321 762 1417 Apostolus
779 1334 906 1396 tertium
919 1354 1075 1419 peragens
1087 1335 1146 1398 iter
1163 1335 1378 1419 apostolicum

243 1439 338 1520 misit,
357 1446 392 1500 ut
410 1434 535 1501 videtur
550 1434 593 1499 ab
607 1436 745 1519 Epheso,
764 1436 868 1498 Titum
888 1434 930 1499 ad
946 1435 1135 1521 Corinthios,
1154 1437 1271 1523 quihus
1289 1437 1378 1500 Titus

244 1540 458 1625 gratissimum
473 1559 505 1602 se
519 1538 677 1622 prestitit.
688 1535 833 1601 Debebat
848 1539 933 1602 Titus
948 1536 992 1602 ad
1009 1538 1198 1624 Apostolum
1216 1537 1377 1603 Troadem

244 1645 366 1725 venire,
385 1640 439 1706 sed
465 1642 523 1727 ipsi
544 1642 682 1706 occurrit
703 1639 869 1705 dumtaxat
895 1643 926 1705 in
956 1641 1158 1727 Macedonia,
1175 1664 1193 1706 a
1214 1663 1375 1728 quocum

245 1744 278 1808 S.
301 1745 419 1807 Paulus
442 1752 559 1807 statum
583 1743 725 1807 eeclesiae
749 1742 958 1808 Corinthiacus
978 1741 1141 1808 didicisset
1163 1766 1273 1808 rursus
1297 1765 1373 1808 eum

245 1848 431 1923 Corinthum
444 1846 605 1930 ablegavit
615 1845 675 1930 (5).
694 1845 806 1911 Postea
819 1846 904 1909 Titus
920 1848 1059 1911 Romam
1075 1845 1117 1911 ad
1136 1846 1322 1932 Apostolum
1338 1869 1373 1911 se

243 1951 386 2033 eontulit,
408 1947 494 2013 unde
513 1950 545 2012 in
561 1949 753 2011 Dalmatiam
771 1949 884 2012 missus
904 1958 951 2013 cst
967 1949 1026 2036 (4).
1043 1951 1158 2014 Insulae
1177 1950 1276 2015 Cretae
1299 1953 1373 2034 epi-

244 2075 357 2139 seopus
382 2054 567 2117 constitutus
583 2051 627 2114 ibi
651 2051 779 2114 relictus
794 2050 837 2115 ab
856 2052 1008 2137 Apostolo
1032 2052 1103 2137 suit,
1118 2062 1153 2117 ut
1169 2075 1207 2117 ea
1226 2075 1298 2138 quae
1311 2052 1373 2117 dc-

245 2169 337 2223 erant
352 2158 525 2242 corrigeret
546 2166 577 2220 et
590 2156 794 2219 constitueret
814 2177 873 2240 per
886 2157 1027 2221 civitates
1048 2156 1247 2242 presbyteros
1261 2158 1301 2242 (Ι,
1325 2156 1371 2241 5).

245 2264 342 2345 Titus,
358 2270 393 2324 ut
405 2283 442 2323 ex
456 2260 649 2344 Hieronymo
663 2256 825 2341 discimus,
841 2258 958 2322 coelebs
970 2261 1156 2344 permansit,
1164 2268 1375 2344 mortuusque

38 2406 43 2439 ,=
60 2345 78 2417 'l
100 2322 169 2513 [d
177 2367 202 2466 l,
246 2374 304 2446 cst,
318 2363 412 2449 juxta
428 2360 601 2425 Eusebium
615 2360 676 2445 (5),
691 2361 722 2422 in
739 2361 842 2423 insula
859 2360 950 2425 Creta
968 2382 1069 2425 annos
1084 2371 1176 2425 natus
1194 2327 1374 2476 919ffirsula

35 2418 104 2485 ‘sm
206 2440 215 2482 ⁶
246 2468 351 2548 Creta,
365 2463 462 2527 hodie
467 2463 607 2562 Qdiv,
626 2463 701 2526 olim
718 2452 940 2526 florentissima
955 2463 1028 2543 fuit.
1045 2465 1193 2542 Romana
1210 2465 1375 2549 provincia

247 2569 333 2632 faeta
346 2574 414 2629 erat
425 2563 616 2650 Judaeosque
633 2565 740 2649 plures
753 2565 834 2627 inter
847 2586 919 2628 suos
936 2565 1020 2628 cives
1034 2565 1225 2629 numerabat
1245 2564 1376 2651 quando

248 2672 361 2759 Christi
396 2667 480 2732 fides·
508 2669 679 2753 propagari
714 2668 818 2752 cupit.
852 2667 1006 2748 Quisnam
1030 2670 1152 2753 primus
1175 2668 1377 2733 Cretensibus

249 2774 346 2839 fidem
369 2772 605 2836 annuntiaverit
627 2793 690 2835 non
715 2779 859 2853 constat3
880 2770 1013 2835 fortasse
1037 2772 1083 2834 illi
1106 2772 1196 2836 luere
1214 2772 1378 2836 Cretenses

250 2879 306 2965 qui
319 2876 522 2960 lerosolymis
536 2874 672 2939 aderant
686 2875 718 2937 in
734 2871 786 2937 die
799 2874 991 2938 Pentecostis
1004 2875 1063 2960 (6).
1081 2875 1113 2938 S.
1128 2876 1247 2939 Paulus
1261 2877 1294 2939 in
1315 2876 1379 2939 hae

250 2982 353 3045 insula
368 2978 578 3063 Evangelium
592 2977 791 3063 annuntiavit
816 2986 857 3058 et,
878 2978 1051 3041 constitutis
1075 2979 1215 3042 ecelesiis
1235 2981 1267 3042 in
1283 2979 1379 3042 variis

251 3082 442 3164 civitatibus,
459 3082 589 3166 reliquit
601 3080 645 3143 ihi
661 3082 765 3144 Titum
778 3089 812 3144 ut
825 3103 905 3165 opus
920 3082 1095 3166 incoeptum
1110 3065 1308 3167 perficeret]

134 3216 192 3270 fs*
243 3210 245 3214 ·
296 3190 327 3252 9.
346 3189 453 3259 Locus,
470 3197 588 3269 tempas
604 3196 632 3247 et
647 3205 737 3247 causa
759 3183 921 3247 scribendae
939 3183 1086 3268 Epistola
1103 3185 1143 3248 ad
1168 3186 1280 3247 Titum.
1306 3183 1378 3247 Nou

56 3260 97 3309 (Μ’
114 3290 132 3361 l
157 3266 175 3321 ἐ
184 3268 212 3369 p
252 3292 327 3356 satis
347 3297 469 3354 constat
489 3268 631 3373 quondm
654 3287 725 3350 loeo
746 3296 800 3349 aut
819 3306 961 3371 quonam
983 3295 1134 3370 tempore¹
1147 3287 1264 3370 scripta
1283 3286 1379 3349 fuerit

104 3364 115 3407 i
253 3394 394 3479 Epistola
418 3389 459 3454 ad
484 3392 600 3454 Titum.
627 3389 733 3470 Quare
758 3390 894 3452 multum
918 3391 1097 3454 variantia
1122 3391 1182 3454 hae
1206 3392 1378 3475 quaestione

253 3497 414 3562 sententiae
426 3502 603 3557 auctorum.
611 3495 646 3556 In
660 3492 945 3578 subscriptionibus
956 3493 1096 3578 plurium
1111 3492 1258 3557 codicum
1270 3494 1379 3557 HKLS

254 3610 285 3665 et
299 3601 333 3666 in
353 3595 551 3662 versionibus
568 3598 691 3682 coptica
711 3605 742 3659 et
764 3597 884 3682 syriaca
903 3596 1075 3681 posteriore
1094 3596 1209 3681 legitur
1229 3597 1379 3681 scriptam

198 3728 201 3733 ⁴
253 3724 356 3766 essee
377 3699 521 3783 Nicopoli
550 3700 581 3763 in
603 3696 802 3763 Macedonia.
827 3699 873 3761 De
895 3707 1039 3783 tempore
1062 3707 1171 3761 autem
1193 3698 1246 3761 alii
1269 3706 1381 3782 putant

286 3941 322 4004 (l)
334 3941 389 3990 Gal.
406 3938 436 4000 ll,
454 3939 497 3989 t·3

286 4023 321 4088 (2)
339 4023 364 4072 Il
380 4023 441 4074 Cor.
454 4021 484 4083 lt,
502 4023 541 4072 15.

287 4103 358 4167 (5)Ιί
373 4104 436 4153 Cor.
452 4100 482 4161 ll,
502 4100 541 4162 123
558 4100 610 4163 Vll,
626 4102 695 4165 6-15ς
707 4100 769 4164 Vlll,
786 4101 870 4152 teat.
937 4109 938 4112 ’

288 4186 323 4248 (l)
334 4185 362 4236 ll
377 4186 440 4236 Tim.
455 4185 496 4246 lV,
509 4186 549 4235 10.

287 4266 323 4329 (5)
338 4266 405 4316 Hist.
419 4266 488 4318 Eeel.
504 4264 546 4327 lll,
559 4267 583 4316 l.

289 4348 324 4413 (6)
337 4348 394 4399 Act.
408 4347 437 4409 ll,
451 4349 475 4397 l.
