3166 4958
273 294 335 366 186
500 319 699 364 larnanucvlo
716 321 912 366 succlamant
927 323 953 367 8.
972 323 1171 371 samaram.

729 548 761 610 6.
784 549 936 613 Michaeas.

319 768 372 833 Ἃ.
392 768 626 854 Arpumentam.
651 765 799 830 Michaeas
821 766 920 876 (aaran)
940 766 982 831 de
1001 766 1164 852 blorasthi,
1183 744 1291 835 ¹vicula
1312 770 1400 834 haud

275 888 389 975 grandi
412 911 513 975 prope
545 888 831 972 Eleutheropolim,
863 887 976 951 urbem
1005 889 1178 953 Palaestinae
1198 890 1258 977 (l),
1281 913 1400 956 munus

273 992 497 1076 propheticum
517 989 596 1054 obiit
614 989 673 1054 suh
689 988 840 1072 loathan,
855 988 962 1053 Achaz
982 999 1013 1052 et
1029 990 1175 1075 Ezechia,
1197 1002 1230 1056 ut
1253 985 1341 1078 patet
1359 1015 1400 1056 ex

273 1097 476 1180 inscriptione
494 1096 534 1180 (Ι,
558 1094 603 1178 1).
627 1094 823 1160 Vaticinatus
847 1103 892 1156 est
919 1094 1066 1157 Michaeas
1088 1093 1241 1160 adversus
1262 1117 1400 1181 regnum

153 1281 156 1289 s
272 1199 370 1262 lsrael
402 1206 432 1261 et
452 1195 606 1261 adversus
631 1215 768 1280 regnum
796 1193 892 1258 luda.
914 1194 1063 1258 Praedixit
1092 1198 1219 1261 ruinam
1243 1199 1399 1263 Israelis:

275 1301 389 1374 Ponet,
418 1299 539 1385 inquit,
564 1300 712 1362 Dominus
736 1298 910 1362 Samariam
933 1301 1023 1384 qiaasi
1044 1322 1183 1364 acervum
1205 1301 1343 1386 lapidum
1366 1304 1402 1364 in

272 1423 345 1486 apro
381 1424 448 1465 eam
479 1402 639 1485 plantatur
668 1403 765 1464 uinea.
799 1399 892 1481 Quod
921 1402 1106 1464 vaticinium
1134 1424 1209 1467 mox
1233 1404 1403 1488 impletum

274 1502 343 1582 luit,
362 1512 454 1588 capta
468 1524 487 1566 a
500 1502 733 1584 Salmanasare,
747 1522 823 1587 rege
835 1502 1048 1588 Assyriorum,
1065 1503 1221 1572 Samaria.
1236 1505 1404 1569 invehitur

275 1603 392 1668 deiude
412 1626 502 1670 sacer
513 1604 608 1670 Vates
623 1605 655 1667 in
676 1604 774 1668 falsos
790 1605 962 1690 prophetas
978 1615 1009 1668 et
1027 1605 1171 1691 praedicit
1194 1630 1202 1670 t
1224 1607 1298 1671 Sion
1313 1610 1407 1692 quasi

277 1727 349 1790 aper
366 1706 515 1789 arabitur,
534 1718 562 1769 et
588 1705 758 1770 Jerusalem
783 1709 873 1790 qreasi
899 1728 1021 1770 aceruus
1048 1707 1185 1792 lapidum
1205 1711 1302 1772 erit...
1322 1707 1404 1782 dele,

278 1810 286 1871 i
292 1810 393 1895 nquit,
413 1808 482 1893 filia
496 1810 582 1883 Sion,
607 1811 679 1893 qreia
694 1830 773 1870 auare
791 1809 951 1893 eqrealieris
965 1810 1001 1872 de
1020 1811 1137 1873 ciuitate
1153 1821 1179 1874 et
1199 1810 1346 1874 habitabis
1368 1813 1406 1873 in

277 1916 397 1998 rapiare
426 1925 454 1976 et
481 1915 580 1977 venies
608 1933 702 1996 usque
729 1910 937 1997 Babylonem,
972 1912 1015 1975 ibi
1042 1911 1213 1977 liberaberis
1248 1913 1402 2000 (Ill-IV).

277 2015 453 2080 Annuntiat
472 2014 589 2079 deinde
606 2015 766 2099 Propheta
789 2015 948 2079 Christum
972 2017 1004 2079 in
1024 2015 1189 2080 Bethleem
1207 2017 1407 2083 nasciturum

275 2110 329 2204 (V,
344 2119 389 2202 ἓ),
408 2139 506 2205 quam
522 2119 724 2203 prophetiam
736 2116 944 2202 Evangelistae
955 2116 1120 2182 Matthaeus
1132 2116 1188 2204 (ΙΙ,
1208 2118 1242 2204 6)
1255 2127 1286 2183 et
1300 2119 1407 2182 Joau-
1453 2184 1458 2203 Ι

176 2281 178 2284 .
276 2242 332 2286 nes
347 2222 432 2307 (Vll,
452 2221 506 2305 42)
524 2220 669 2284 relerunt
685 2229 716 2283 et
734 2220 900 2305 impletam
916 2219 1097 2284 ostendunt.

318 2325 371 2389 Ὦ.
388 2325 604 2389 Βῆῑίοηειίἰεῒω
619 2325 714 2387 variis
726 2322 830 2387 modis
843 2325 1033 2409 impugnant
1045 2324 1164 2388 librum
1176 2325 1326 2408 Michera,
1344 2322 1403 2388 sed

275 2425 344 2514 ejus
359 2428 534 2510 authentia,
554 2447 627 2489 cum
647 2424 788 2509 aliunde,
811 2434 879 2490 tum
900 2428 1074 2511 praesertim
1095 2448 1135 2491 ex
1150 2428 1264 2491 Jerem.
1283 2427 1402 2509 XXVI,

276 2523 381 2593 18:19
401 2530 516 2593 invicte
532 2527 698 2612 probatur.
718 2527 797 2592 Cum
818 2529 904 2592 enim
920 2527 1101 2593 sacerdotes
1118 2527 1408 2613 apprehendissent

275 2631 472 2714 Jeremiam,
493 2633 569 2716 quia
592 2626 808 2715 captivitatem
831 2630 1087 2715 praenuntiabat,
1112 2629 1261 2695 dixerunt
1283 2629 1325 2695 ad
1348 2652 1408 2695 eos

278 2736 418 2799 seniores
437 2735 547 2819 populi
571 2756 580 2797 t
601 2733 742 2798 Michaeas
759 2733 796 2796 tle
819 2734 968 2798 Merasthi
987 2735 1050 2821 fait
1070 2734 1227 2819 Propheta
1247 2738 1280 2798 in
1303 2734 1407 2800 diebus

277 2838 417 2902 Ezechiae
433 2840 512 2922 repis
528 2837 625 2916 lade,
638 2848 668 2899 et
687 2838 731 2900 ait
744 2837 785 2900 aa
800 2856 919 2901 omnem
929 2835 1077 2921 populum
1094 2837 1177 2899 aeae
1193 2838 1293 2901 dicens
1311 2862 1322 2900 .·
1341 2837 1405 2902 bae

276 2941 348 3003 elicit
364 2942 514 3004 Dominus
526 2942 707 3002 exercituum
721 2963 732 3002 .·
747 2938 824 3002 Sion
837 2942 927 3024 quasi
941 2961 1013 3024 aper
1029 2939 1176 3013 arabitur,
1189 2952 1217 3003 et
1231 2939 1403 3004 Jerusalem

275 3045 309 3105 in
332 3064 470 3107 aearum
494 3041 630 3128 lapidum
653 3046 711 3105 erit
727 3065 738 3104 :
759 3053 788 3105 et
809 3063 895 3106 mons
916 3042 1022 3105 demtis
1038 3044 1072 3104 ia
1094 3041 1207 3106 eaeelsa
1230 3041 1400 3128 sylvarum.

274 3145 433 3230 Numquid
455 3157 549 3209 morte
570 3145 778 3209 aorademnauit
794 3166 862 3228 eum
885 3144 1031 3209 Ezechias
1060 3132 1147 3208 rea?
1173 3145 1219 3208 Ex
1241 3147 1304 3210 hor
1326 3147 1404 3212 loco

276 3244 508 3312 evidentissime
533 3255 655 3312 constat
678 3246 873 3329 authentica,
896 3266 972 3310 vera
995 3255 1091 3332 atque
1115 3244 1223 3311 divina
1242 3254 1405 3334 csse‘quae

275 3348 308 3410 in
330 3347 414 3412 libro
440 3349 577 3412 Michaeae
595 3349 730 3433 legimus
749 3347 790 3411 de
813 3348 992 3432 captivitate
1013 3347 1209 3433 Babylonica
1228 3370 1266 3413 ac
1286 3370 1407 3414 conse-

277 3461 412 3535 quenter
440 3450 481 3514 de
500 3450 645 3514 Samaria
672 3461 703 3514 et
722 3446 763 3514 de
781 3450 916 3534 Christo,
938 3472 1011 3516 eum
1041 3452 1109 3516 haec
1138 3452 1245 3516 omnia
1265 3453 1297 3515 in
1318 3453 1405 3518 libro

277 3552 387 3617 intime
407 3553 466 3617 sihi
478 3555 671 3618 cohaereant.
690 3558 692 3561 ’

740 3776 772 3839 7.
800 3775 931 3841 Nabum.

319 3991 372 4055 25.
391 3992 517 4057 Nahum
534 3993 633 4081 (nava)
650 3994 782 4058 brevem
803 3994 895 4059 nohis
915 3996 1043 4082 reliquit
1064 3995 1266 4081 prophetiam
1291 4005 1408 4062 contra

222 4141 225 4148 ·
263 4109 422 4195 'Niniven,
436 4113 468 4178 iu
483 4133 548 4199 qua
563 4080 690 4177 ruinam
703 4121 799 4200 atque
814 4116 1012 4180 eversionem
1029 4116 1116 4180 istius
1129 4114 1261 4180 civitatis
1275 4135 1409 4181 annun·-

309 4355 346 4423 (ἱ)
362 4356 414 4410 Ch.
427 4359 527 4412 llteron.
543 4370 570 4413 et
579 4361 664 4426 cyrill.
677 4364 707 4414 tr
731 4363 761 4415 ad
771 4364 798 4416 h.
810 4362 828 4415 l.
