3166 4958
184 295 189 317 ‘
257 309 320 372 208
472 319 672 367 rurnooacrto
692 319 839 375 sosarnus
855 320 888 362 m
906 321 932 364 o.
953 321 1154 365 sourrrunsu.

300 428 331 490 4.
351 425 494 491 Concinit
505 421 656 506 Origenes
672 418 744 504 (lla
766 443 780 476 a
803 419 841 482 In
857 441 940 483 novo
956 421 1155 485 Testamenta
1169 423 1260 489 multi
1273 422 1381 489 eonati

256 539 329 594 sunt
350 528 488 593 scribere
512 524 678 608 evangelia
690 569 699 604 ,
726 520 782 585 sed
812 544 877 586 non
901 543 1011 586 omnes
1034 533 1107 588 suot
1127 523 1258 609 recepti.
1283 526 1323 589 Et
1343 534 1382 589 ut

256 633 371 716 sciatis,
397 652 461 694 non
484 629 586 694 solnm
604 634 744 711 quatuor
761 624 945 709 Evangelia,
971 624 1027 690 sed
1046 627 1185 711 plurima
1208 649 1278 692 esse
1297 649 1380 695 con-

256 735 389 820 scripta,
415 730 567 817 equibus
595 730 664 792 hoec
691 747 763 813 quae
789 727 958 809 babemus,
986 729 1086 793 electa
1114 739 1186 793 sunt
1210 738 1242 794 et
1262 728 1382 814 tradita

256 838 408 918 ecclesiis,
423 858 461 901 ex
477 836 544 919 ipso
558 832 713 918 prooemio
727 831 831 915 Luce,
845 829 931 915 quod
945 833 988 895 ita
1002 832 1189 915 contexitur,
1204 853 1380 917 cognosea-

256 963 327 1005 mus
343 964 351 1004 τ
369 940 521 1020 Quoniam
545 936 665 1021 qnidam
685 932 774 996 malti
795 937 895 997 conati
912 946 983 998 susat
1000 935 1141 999 ordinare
1158 939 1378 1001 narrationem.

256 1045 325 1108 Hoc
345 1040 431 1129 quod
442 1042 486 1105 ait
500 1063 508 1104 t
523 1041 624 1102 conati
640 1047 721 1110 sant,
734 1036 886 1100 latentem
900 1036 998 1099 babet
1013 1038 1247 1103 accusationem
1266 1059 1380 1106 eorum

134 1208 136 1215 .
256 1150 311 1233 qui
326 1147 449 1232 absque
466 1142 566 1229 gretia
586 1141 719 1225 Spiritus
735 1141 834 1203 sancti
849 1137 891 1203 ad
907 1138 1076 1204 scribenda
1094 1143 1259 1226 evangelia
1272 1144 1381 1227 prosi-

254 1248 382 1310 lierunt.
401 1245 564 1310 Matthaeus
582 1243 713 1328 quippe,
735 1250 766 1304 et
782 1242 906 1305 Marcus
926 1251 957 1304 et
976 1242 1126 1325 loannes,
1150 1252 1180 1307 et
1196 1245 1298 1308 Lucos
1314 1266 1380 1309 non

255 1359 328 1414 sunt
341 1348 445 1413 conati
460 1344 612 1428 scribere,
632 1342 688 1409 sed
704 1344 823 1428 Spiritu
836 1353 946 1408 sancto
960 1344 1046 1429 pleni
1062 1347 1256 1430 scripserunt
1269 1348 1381 1411 Evun-
1396 1386 1399 1393 ·

256 1453 349 1536 galia.
381 1449 471 1514 Multi
499 1449 593 1534 igitur
621 1446 726 1511 conati
752 1455 824 1510 sunt
852 1445 1001 1510 ordinare
1028 1449 1243 1517 narrationem
1266 1447 1307 1512 de
1329 1450 1394 1514 his-

253 1552 361 1634 rebus,
387 1571 458 1636 quae
473 1548 729 1613 manifestissime
742 1549 874 1632 cognitae
891 1548 1007 1612 suntin
1022 1547 1124 1614 uobis.
1143 1551 1284 1615 Ecclesia
1296 1572 1382 1637 que-1

252 1665 325 1718 tuor
346 1653 444 1717 babet
469 1651 657 1735 Evangelia,
683 1650 819 1713 haereses
850 1650 999 1735 plurima.
1026 1652 1052 1714 E
1074 1652 1191 1737 quibus
1212 1650 1381 1738 quoddam

253 1756 400 1821 scribitur
412 1751 595 1818 secundum·
607 1747 781 1838 AEgyptioS,
796 1751 883 1816 aliud
899 1754 992 1838 juxta
1008 1752 1184 1821 duodecim·
1195 1754 1379 1839 Apostolos.

253 1862 356 1923 Ausus
367 1859 427 1922 fuit
443 1866 475 1922 et
484 1854 638 1923 Basilides
652 1855 792 1921 scrihere
805 1857 1026 1940 Evangelium,
1041 1866 1072 1920 et
1088 1878 1143 1921 suo
1157 1856 1237 1922 illud
1248 1858 1391 1923 nonsine.

147 2010 150 2016 .
253 1963 390 2025 titulare.
407 1961 496 2025 Multi
520 1960 624 2024 eonati
648 1966 721 2022 sunt
741 1958 880 2025 scribere
903 1981 910 2020 :
935 1956 1043 2022 sedet
1066 1960 1157 2023 multi
1182 1962 1287 2026 conati
1306 1969 1382 2025 sunt

255 2062 415 2127 ordinare.
432 2062 576 2145 Quatuor
591 2071 718 2125 tantum·
727 2061 900 2146 Evangelia
913 2070 985 2126 sunt
996 2061 1143 2146 probata,
1158 2084 1181 2127 e.
1188 2062 1304 2149 quibus
1319 2063 1381 2133 sub

255 2188 390 2251 persona
404 2166 530 2231 Domini
551 2174 581 2229 et
604 2165 776 2229 salvatoris
798 2165 896 2230 nostri
915 2164 1109 2249 proterenda
1127 2175 1199 2231 sunt
1214 2164 1379 2252 dogmata.

254 2271 326 2335 Scio
342 2268 508 2356 quoddam
531 2268 753 2352 Evangelium,
779 2265 867 2353 quod
891 2268 1070 2352 appellatur
1093 2267 1269 2335 secundum
1291 2270 1382 2333 Tbe-

254 2393 354 2454 mam,
370 2382 401 2437 et
414 2370 507 2458 juxta
519 2371 683 2452 Mathiam,
697 2370 802 2439 atalia
814 2371 908 2454 plura
924 2371 1070 2455 legimus,
1086 2392 1126 2434 ne
1141 2370 1221 2456 qnid
1232 2372 1383 2456 ignorare

254 2472 451 2554 videremur,
460 2480 592 2558 propter
604 2492 658 2535 eos
670 2470 725 2557 qui
739 2492 772 2535 se
784 2480 898 2555 putant
910 2471 1033 2558 aliquid
1044 2475 1138 2555 sciro,
1152 2476 1176 2537 si
1189 2474 1248 2537 ista
1260 2495 1383 2560 coguo-

254 2576 368 2639 verint.
398 2572 461 2637 Sed
487 2575 520 2637 in
547 2574 596 2636 his
616 2572 766 2638 ominbus
787 2573 867 2647 nihil
893 2572 981 2641 aliud
997 2575 1183 2659 probamus,
1209 2576 1271 2640 nisi
1292 2576 1382 2663 qnod

254 2679 408 2767 Ecclesia,
428 2675 535 2760 idest,
555 2684 693 2763 quatuor
707 2684 832 2743 tantum
849 2677 1022 2762 Evangelia
1038 2677 1220 2762 recipienda
1241 2677 1301 2764 (ἓ).
1319 2705 1333 2740 »

299 2781 331 2846 5.
348 2780 411 2845 Cur
423 2789 531 2845 autem
543 2779 663 2866 plures,
679 2799 753 2844 cum
765 2788 830 2845 tam
843 2781 935 2844 multi
952 2781 1145 2865 scripserint,
1158 2782 1300 2849 Eoolesio
1313 2803 1381 2846 non

254 2885 411 2970 receperit
428 2904 528 2971 quum
543 2893 692 2969 quatuor,
713 2881 783 2968 jam
812 2885 889 2952 olim
911 2884 1073 2970 queritur.
1101 2883 1166 2948 Sed
1180 2886 1214 2948 iu
1228 2894 1380 2970 promptu

255 2989 333 3052 ratio
351 2996 408 3071 est,
424 2988 499 3074 qnia
515 2987 702 3072 nonplures
720 2987 841 3051 invenit
850 2986 961 3053 divino
977 2989 1102 3073 Spiritu
1118 2990 1289 3074 scripsisse.
1303 2989 1382 3076 Ejus
1494 3036 1497 3041 <

255 3100 363 3154 tamen
378 3092 424 3154 rei
440 3090 580 3161 rationes
591 3090 700 3175 plures
712 3091 863 3175 mysticas¹
872 3092 1040 3176 scriptores
1055 3092 1178 3178 antiqui
1189 3095 1376 3176 attuleruut,

255 3216 334 3280 quas
358 3203 547 3259 enumerant
564 3194 596 3260 S.
615 3195 753 3259 irenaeus
775 3196 808 3261 in
824 3203 911 3261 textu
925 3217 1027 3281 supra
1039 3197 1136 3260 allato
1153 3205 1186 3260 et
1197 3197 1251 3260 alii
1272 3197 1380 3282 plures

256 3298 362 3360 statim
379 3295 578 3362 recensendi.

299 3383 526 3489 6.[Spmbolioa
552 3399 814 3485 annqeliotarnm
848 3404 1085 3484 repraesentatio.
1111 3402 1243 3488 Antiqui
1269 3401 1379 3465 Patres

255 3509 392 3585 quatuor
408 3501 579 3585 Evangelia
595 3501 796 3588 praefigurata
808 3500 927 3568 donant
940 3512 1084 3589 quatuor·
1094 3505 1158 3567 illis
1173 3503 1376 3587 animalibus,

253 3624 324 3690 quas
339 3603 486 3669 viderunt
496 3604 641 3671 Ezechiel
657 3607 698 3690 (1,
716 3606 946 3689 liet-loannes
958 3607 1067 3691 (Apso.
1083 3607 1139 3689 tv,
1154 3607 1189 3692 6)
1201 3605 1379 3673 &ferentia

139 3750 141 3754 »
252 3708 415 3790 thronum,
443 3709 495 3782 oui
511 3701 619 3773 diviua
641 3706 799 3773 insidebat
816 3707 974 3794 Mejestes.
994 3709 1143 3775 Attamen
1163 3730 1297 3774 concors
1313 3729 1380 3773 non

253 3819 299 3874 est
314 3813 468 3876 sententia
481 3809 520 3875 de
537 3811 641 3876 lorma
659 3812 831 3898 symbolica
846 3815 967 3897 quaesit
982 3814 1154 3899 unicuique
1171 3813 1378 3898 Evangelistae

285 4013 321 4073 (1)
334 4010 409 4062 Hom.
422 4009 472 4063 lia
485 4013 543 4063 tao.
553 4011 606 4062 Gtr.
623 4011 738 4074 similem
748 4012 889 4063 Commeat.
900 4014 928 4063 ia
938 4012 1013 4064 lona.
1026 4018 1088 4065 tom.
1098 4012 1120 4076 1,
1131 4013 1156 4077 θ;
1167 4012 1270 4066 Satara
1278 4013 1376 4072 aaa.

187 4159 195 4175 ⁶
249 4090 271 4152 1,
281 4104 323 4154 ap.
339 4091 431 4155 lltgue,
444 4090 543 4143 Patr'ot.
554 4107 597 4159 pr.
611 4102 629 4143 t.
643 4091 717 4154 xvir,
729 4095 787 4158 5113
801 4094 943 4145 Commeat.
959 4095 987 4143 ia
998 4093 1101 4169 Marta,
1113 4108 1154 4158 ap.
1167 4094 1261 4158 digne,
1275 4094 1376 4149 Patra.

208 4202 211 4207 <
268 4187 291 4223 r.
309 4174 406 4232 txllt,
439 4178 479 4227 '.
1080 4176 1082 4181 ’

249 4189 266 4238 9
283 4254 318 4316 (2)
331 4255 382 4306 Cfr.
393 4177 584 4322 aldomnus,
597 4260 738 4312 Commeat.
748 4261 776 4310 tn
787 4261 847 4312 Lac.
858 4260 878 4322 l,
891 4263 915 4323 13
927 4262 954 4314 S.
969 4236 1144 4333 Hieronymus,
1154 4262 1222 4313 t’rot.
1232 4261 1260 4328 tn
1271 4259 1376 4317 nanta

248 4337 277 4387 S.
293 4340 462 4403 Augustinus,
477 4341 514 4392 Da
527 4342 653 4393 Consano.
664 4342 767 4413 annq.
781 4342 812 4406 ll,
822 4342 848 4408 23
861 4349 911 4394 eto.
