3134 4934
251 284 316 353 588
470 305 671 351 rmaoouorso
686 306 834 351 sinuosis
850 307 882 351 ur
893 308 924 356 ,s.
942 306 1142 351 senrrrunnn.

250 407 386 472 Electum
402 407 556 471 domr'rcom
572 406 745 492 symbolice
762 405 1004 492 intelligendam
1025 428 1094 470 esse
1109 404 1302 473 Ecclesiam.
1323 405 1390 474 Sed

196 590 199 598 .
250 511 330 574 nihil
341 512 374 574 in
392 520 456 575 tota
473 511 612 594 Epistola
629 509 791 574 invenitur
810 507 897 596 quol
915 510 1026 573 innuat
1042 509 1218 594 Epistolam
1234 511 1389 576 Ecclesiae

250 614 301 677 vol
325 613 498 677 uniuersali
522 614 574 677 vel
592 614 777 698 particulari
795 633 864 676 esse
884 614 1048 697 scriptam3
1069 612 1197 677 obstant
1213 634 1299 689 ,vero
1315 623 1388 679 tum

249 716 413 801 inscriptio
428 724 497 779 tum
518 737 590 802 quae
613 716 763 799 leguntur
786 734 870 780 vers.
891 712 933 778 15
956 708 1128 779 :saturant
1148 727 1176 779 te
1190 715 1255 799 fito·
1270 721 1389 783 sororia

250 830 309 880 tue
340 818 463 881 Elector.
497 817 628 882 Rectius
663 817 759 902 igitur
793 817 933 901 Epistola
969 815 1091 880 directa
1123 817 1313 902 intelligitur
1344 817 1388 883 ad

249 928 431 985 matronam
445 918 622 1005 quamdam
634 919 852 984 christianam.
868 919 952 982 Num
966 939 1043 983 vero
1062 938 1180 982 nomeu
1199 918 1271 1005 ejus
1289 921 1389 986 fuerit

248 1023 351 1087 Electa
363 1020 525 1109 (Balsa-sn)
541 1021 593 1086 vel
609 1019 878 1108 onninamente)
894 1022 945 1084 vel
959 1029 1095 1105 utraque
1106 1041 1168 1084 vox
1184 1020 1224 1084 sit
1235 1024 1388 1106 appella·

248 1126 412 1215 tivacerto
425 1123 631 1189 determinari
644 1124 765 1208 nequit.
781 1123 885 1187 Tertia
899 1123 1038 1208 Epistola
1051 1121 1124 1187 data
1138 1132 1185 1187 est
1198 1123 1239 1187 ad
1252 1123 1386 1210 Gaium,

249 1230 354 1293 virum
370 1227 503 1293 divitem
519 1236 551 1290 ct
566 1225 760 1309 beneficum,
774 1227 928 1310 Apostolo
947 1225 1181 1289 charissimum.
1366 1300 1370 1311 ,

292 1331 324 1394 5.
340 1332 455 1394 Auctor
467 1341 558 1414 utque
570 1331 744 1393 auctoritas.
760 1327 879 1391 Omnes
894 1327 1132 1412 Scripturarum
1152 1349 1293 1392 canones
1309 1328 1387 1395 inde

248 1435 395 1498 asaeculo
408 1432 452 1498 IV
467 1442 530 1503 tres
542 1431 673 1495 loannis
686 1430 843 1514 Epistulas
855 1430 938 1492 inter
952 1429 1130 1513 Scripturas
1143 1450 1249 1494 sacras
1265 1453 1387 1497 recen-

247 1545 392 1599 suerunt.
409 1535 620 1605 Inveniuntur
638 1534 756 1618 pariter
773 1534 806 1596 in
823 1532 972 1596 omnibus
989 1534 1100 1617 graecis
1116 1543 1148 1596 et
1163 1534 1270 1597 latinis
1288 1535 1385 1600 codi-

248 1636 350 1700 cibus.
371 1636 483 1699 Nullus
496 1636 528 1698 in
542 1644 605 1698 tota
622 1635 810 1719 antiquitate
826 1634 983 1717 reperitur
995 1634 1050 1718 qui
1064 1634 1227 1718 negaverit
1239 1636 1383 1719 primam

245 1739 379 1804 loannis
392 1738 566 1823 Epistulam
579 1759 647 1801 esse
661 1739 849 1801 canonicam
861 1746 917 1800 aut
926 1737 1086 1800 Joannem
1097 1737 1181 1801 illius
1193 1759 1262 1802 csse
1274 1750 1385 1804 aueto-

247 1867 329 1928 rem,
345 1846 383 1908 ‘si
404 1845 602 1929 excipiantur
623 1843 755 1929 quidam
775 1844 926 1925 haretici,
948 1852 983 1906 ut
1002 1843 1095 1928 Alogi
1115 1854 1147 1908 et
1168 1843 1379 1929 Corinthiaci,

246 1949 302 2033 qui
312 1949 498 2011 necessitate
508 1947 694 2031 systematis,
705 1945 780 2031 quia
792 1945 907 2008 Filium
917 1945 975 2008 Dei
987 1945 1187 2010 incarnatum
1201 1947 1378 2031 negabant,

229 2047 279 2112 'id
303 2050 459 2113 iecerunt.
481 2047 560 2112 Indo
584 2070 603 2112 a
623 2047 821 2132 temporibus
838 2047 1028 2131 Apostolicis
1045 2056 1080 2110 ut
1102 2047 1266 2133 Scriptura
1285 2071 1379 2114 sacra

246 2153 384 2237 allegata
409 2152 468 2214 luit
487 2173 505 2214 a
527 2151 559 2214 S.
578 2151 756 2235 Polycarpo
774 2160 802 2213 et
819 2147 930 2233 Papia,
949 2147 1111 2232 discipulis
1131 2150 1228 2233 ipsius
1242 2151 1379 2215 loannis

246 2254 400 2338 Apostoli,
419 2253 484 2334 aS.
502 2254 635 2336 Irenaeo,
650 2253 856 2335 Tertulliano,
878 2273 1001 2316 canone
1017 2253 1192 2334 Muratorii,
1212 2252 1379 2318 Clemente

246 2355 464 2422 Alexandrino
479 2366 510 2420 et
521 2356 658 2441 Origene
672 2357 727 2441 qui
739 2355 855 2420 loanni
868 2356 1021 2440 Apostolo
1034 2376 1104 2419 eam
1118 2354 1325 2443 adscribunt(
1351 2357 1377 2442 ).

244 2460 387 2525 Sufficiat
400 2461 615 2524 testimonium
634 2459 759 2523 Eusebii
777 2458 836 2543 (ἢ),
854 2459 908 2544 qui
923 2459 1033 2521 asserit
1052 2482 1066 2517 ι(
1087 2458 1225 2543 primam
1241 2460 1377 2524 loannis

246 2565 421 2648 Epistolam
436 2564 580 2625 omnium
601 2583 758 2625 consensu
776 2583 844 2624 esse
860 2569 1033 2644 receptam.
1051 2587 1066 2621 »

290 2667 322 2728 6.
337 2664 504 2729 Unanimis
516 2665 585 2729 lraec
598 2663 726 2751 traditio
739 2663 946 2728 confirmatur
958 2685 997 2727 ex
1011 2664 1078 2748 ipsa
1091 2664 1215 2727 interna
1227 2664 1378 2750 Epistulae

246 2766 366 2832 iudolc.
387 2767 489 2852 Stylus
511 2767 598 2829 enim
615 2766 762 2830 convenit
780 2787 853 2830 cum
872 2765 1046 2849 Evangelio
1064 2765 1097 2830 S.
1113 2766 1256 2848 loannis,
1274 2787 1379 2851 argu-

246 2880 402 2952 mentum,
418 2867 509 2950 ideae,
524 2868 680 2949 notiones,
691 2869 724 2932 in
738 2868 913 2932 arctissimo
927 2888 1009 2929 nexu
1024 2886 1097 2930 cum
1110 2868 1165 2930 illo
1175 2869 1276 2951 posita
1289 2878 1377 2949 suut,

247 2975 289 3037 ita
313 2982 348 3036 ut
365 2993 447 3035 unus
467 2969 619 3056 idemque
640 2971 678 3034 sit
707 2980 819 3034 auctor
844 2979 875 3033 et
890 2970 994 3055 quarti
1021 2969 1185 3054 Evangelii
1209 2979 1241 3032 ot
1261 2971 1379 3055 prioris

245 3075 378 3139 loannis
392 3073 552 3157 Epistolae.

290 3179 322 3240 7.
343 3178 390 3239 De
421 3173 561 3238 secunda
590 3195 666 3238 vero
688 3182 719 3237 et
748 3174 841 3236 tertia
861 3173 1013 3258 Epistola,
1037 3173 1165 3237 testibus
1184 3174 1321 3239 Eusebio
1346 3186 1379 3240 et

245 3282 451 3363 Hieronymo,
466 3277 565 3363 aliqui
583 3278 660 3340 olim
673 3275 871 3340 dubitarunt.
885 3276 949 3341 Sed
963 3276 1052 3341 dubii
1068 3278 1154 3341 istius
1167 3277 1296 3343 difficile
1310 3302 1376 3345 non

180 3392 185 3399 “
243 3394 291 3448 est
309 3383 466 3445 rationem
484 3380 622 3465 assequi.
640 3380 766 3444 Etenim
786 3399 904 3442 nomen
921 3380 1063 3465 Apostoli
1085 3381 1117 3443 in
1133 3381 1224 3444 titulo
1243 3380 1373 3465 deerat3

186 3550 189 3559 ,
244 3497 397 3573 praterea
414 3482 455 3547 ad
472 3504 624 3569 personas
638 3484 776 3568 privatas
790 3492 879 3545 erant
893 3480 1133 3566 directae,·unde
1146 3484 1265 3547 nonita
1278 3486 1375 3550 facilc

244 3593 469 3667 innotuerunt;
487 3585 627 3672 denique.
641 3585 834 3649 brevissime
849 3594 939 3647 crant
951 3593 982 3648 ct
995 3586 1064 3648 talis
1077 3587 1268 3669 argumenti,
1284 3587 1375 3671 quod

244 3714 308 3759 non
317 3689 482 3776 praebebat
494 3686 694 3752 occasionem
704 3698 739 3752 ut
750 3706 861 3751 carum
874 3688 1060 3752 auctoritate
1067 3688 1177 3750 Patres
1186 3687 1376 3773 frequenter

242 3803 419 3858 uterentur.
436 3790 487 3854 Nil
507 3791 603 3875 igitur
620 3791 738 3854 mirum
752 3791 778 3852 si
796 3788 907 3871 primis
923 3791 1045 3854 saeculis
1063 3787 1162 3874 aliqui
1174 3790 1374 3876 haesitarunt,

278 3993 311 4056 (tt
325 3993 351 4042 S.
368 3992 519 4055 Polyeerpus
529 3993 564 4041 ort
576 3990 691 4056 Philipp.
703 3991 728 4050 7;
742 3990 830 4052 Papias
843 4005 883 4055 ap.
897 3991 1001 4052 Euseb,
1014 3990 1081 4041 Hist.
1092 3990 1161 4042 Eccl.
1174 3989 1214 4051 ΙΙΙ,
1229 3990 1270 4053 59;
1282 3991 1309 4041 S.
1323 3992 1377 4042 lre·

244 4089 326 4135 naeus,
343 4073 443 4124 Coeno
454 4075 516 4124 tor.
527 4073 568 4136 ΙΙΙ,
581 4072 643 4135 xvi,
661 4073 686 4134 5,
699 4074 724 4135 8;
738 4074 917 4133 Tertullianus,
932 4072 998 4123 Ado.
1014 4072 1264 4132 Proaeaml531tclu
1287 4073 1375 4126 Marc.

242 4156 274 4216 V,
289 4155 328 4213 163
345 4155 436 4218 Scorp.
452 4153 491 4218 lt;
509 4154 625 4205 Clenreus
637 4153 676 4204 ΑΙ.
696 4155 792 4206 Strom.
812 4154 841 4216 ll,
858 4154 916 4218 589;
934 4153 1065 4217 Origenes,
1080 4153 1110 4205 Iu
1125 4153 1217 4205 Mottlr.
1236 4153 1311 4219 xvu,
1335 4156 1376 4221 ¹93

242 4236 275 4285 Ia
285 4236 361 4285 loun.
376 4238 399 4294 Ι,
412 4235 438 4296 2,
452 4238 478 4286 3.

275 4317 312 4380 (l)
329 4316 386 4367 llis!
399 4317 466 4367 Ecc'.
481 4316 522 4378 ΙΙΙ,
537 4315 627 4368 essa.
