3134 4934
282 273 358 316 rans
372 272 407 316 11.
425 274 518 318 curm
532 277 562 320 v.
583 275 621 318 os
633 274 866 326 ouaruonnucnu
881 277 907 318 s.
927 276 1015 319 raum
1029 276 1188 318 urrsrocrs.
1235 253 1295 316 571

171 371 322 435 Helraeos.
338 372 418 437 Cum
438 372 475 436 iis
490 371 532 437 de
548 374 601 438 illa
619 373 689 436 silet
702 373 733 436 in
746 373 855 437 Africa
872 374 904 437 S.
924 373 1108 459 Cyprianus.
1127 373 1299 437 Tertullia-

169 496 230 539 nus
243 484 350 540 autem
366 475 426 561 (Dc
436 477 563 562 pudicit.
583 475 637 562 ν20)
650 498 723 541 eam
735 477 893 541 Barnabae
911 477 1033 541 tribuit.
1053 477 1170 542 Marius
1186 476 1299 543 Victo·
1371 537 1382 555 .

168 580 259 643 rinus
278 579 357 642 Afer
385 589 496 644 eontra
516 579 651 644 Arianos
675 581 794 665 allegat
816 582 990 666 Epistolam
1016 582 1056 644 nd
1077 580 1219 644 Helreeoa
1240 579 1300 643 sub

170 684 301 747 nomine
317 683 409 747 Pauli
425 684 485 769 (1).

216 785 268 848 14.
283 786 316 849 S.
333 786 521 851 Philastrius
533 788 704 853 Brixiensis
716 809 789 852 eam
805 788 966 852 interdum
979 789 1010 852 in
1028 787 1169 851 ecelesiis
1182 787 1299 850 lectam

171 889 269 953 fuisse
282 890 394 953 asserit
407 898 438 953 et
451 912 558 955 errare
572 890 668 956 docet
679 914 734 956 eos
748 893 803 978 qui
818 892 906 955 illam
921 890 1134 977 repudiabant
1151 913 1159 952 z
1177 914 1191 949 α
1207 889 1297 970 Sunt,

172 993 287 1078 inquit,
304 993 359 1078 qui
370 994 544 1078 Epistolam
557 995 649 1060 Pauli
664 996 704 1058 art
717 994 859 1058 Hebraeos
873 1017 938 1059 non
950 1003 1095 1058 asserunt
1110 1015 1176 1057 esse
1189 992 1298 1078 ipsius,

172 1094 227 1158 sed
252 1094 363 1160 dicunt
386 1106 441 1160 aut
464 1096 621 1161 Barnabae
644 1119 711 1162 esse
735 1098 878 1182 Apostoli
895 1107 949 1162 aut
969 1097 1140 1162 Clementis
1159 1094 1200 1159 de
1219 1094 1300 1158 urbe

72 1238 76 1243 -
173 1200 277 1262 Roma
295 1200 445 1284 episcopi.
461 1199 524 1263 Alii
537 1209 643 1265 autem
657 1202 748 1264 Lucae
766 1202 973 1285 Evangelistae
996 1201 1155 1280 aiunt....;
1181 1220 1246 1261 non
1269 1197 1300 1259 in

173 1301 308 1365 ecclesia
329 1303 478 1386 leguntur
501 1304 622 1389 populo
642 1305 700 1367 nisi
721 1303 876 1367 tredecim
896 1303 1043 1387 Epistolae
1063 1300 1183 1387 (Pauli)
1208 1309 1239 1364 et
1263 1299 1302 1362 ud

105 1388 107 1397 Α
173 1402 315 1467 Helroeos
330 1402 503 1468 interdum.
527 1432 541 1466 r
559 1405 715 1471 Observat
732 1404 848 1470 deinde
866 1405 899 1469 S.
918 1404 1104 1469 Philostrius
1122 1404 1205 1468 hane
1222 1402 1300 1486 Epi·

173 1505 289 1569 stolam
304 1527 323 1569 e
340 1508 501 1570 nonnullis
514 1508 611 1572 fuisse
626 1507 779 1593 rejectam
792 1508 865 1594 quia
882 1508 961 1582 stslo
976 1505 1176 1570 differebata
1191 1503 1302 1568 ceteris

174 1610 267 1672 Pauli
282 1610 441 1695 Epistolis,
459 1612 576 1697 etquis
594 1613 679 1683 male
693 1632 764 1676 eam
781 1611 1031 1696 intelligentibus
1051 1608 1219 1673 videbatur
1238 1605 1302 1669 do-

170 1733 250 1775 cere
267 1711 427 1777 Christum
445 1714 568 1778 factum
592 1724 623 1779 et
644 1715 754 1778 favere
772 1714 955 1778 Novatianis
976 1710 1126 1796 negando
1142 1710 1302 1796 poeniten-

173 1815 251 1875 tiam
276 1834 407 1878 manere
431 1815 527 1900 lapsis
550 1825 622 1900 post
644 1816 852 1901 baptismum,
878 1813 965 1900 quod
989 1836 1028 1877 ex
1051 1813 1131 1877 falso
1155 1810 1303 1895 Epistolse

174 1916 338 1980 intellectu
361 1938 494 1983 manare
518 1920 634 2003 probat
655 1918 715 2005 (2).
741 1919 832 1982 Soter
854 1918 954 2002 Papa,
980 1917 1013 1979 S.
1039 1915 1179 1979 Hilarius
1196 1914 1302 1977 Picta-

176 2019 303 2102 viensis,
328 2019 361 2083 S.
375 2020 576 2106 Ambrosius,
599 2021 745 2102 Rufinus,
771 2021 825 2084 alii
845 2021 1019 2105 Epistulam
1039 2017 1207 2102 recipiunt.
1229 2018 1303 2080 Ru·
1384 2018 1390 2033 ‘

158 2167 160 2173 -
175 2122 259 2186 finus
278 2124 311 2186 in
336 2144 459 2189 canone
477 2125 662 2210 simpliciter
675 2125 794 2189 hahet:
818 2149 832 2184 ι(
849 2124 941 2188 Pauli
955 2122 1102 2207 Epistulas
1117 2120 1191 2186 XIV
1204 2118 1264 2204 (5).
1285 2143 1300 2178 a

221 2224 274 2288 15.
300 2226 333 2289 8.
370 2227 583 2312 Hieronymus
619 2227 770 2291 continuo
803 2226 902 2290 utitur
925 2224 1064 2310 Epistola
1100 2223 1139 2284 ed
1162 2220 1303 2284 Hebrceos

176 2349 315 2414 eamque
327 2330 515 2394 eanonicam
532 2329 692 2414 deelarat3
712 2331 806 2393 simul
823 2339 930 2393 tamen
946 2335 1055 2392 monet
1070 2347 1142 2390 eam
1160 2347 1178 2388 a
1195 2324 1304 2387 multis

177 2431 282 2495 latinis
305 2453 370 2495 non
393 2432 490 2495 fuisse
513 2442 676 2517 receptam
700 2431 760 2518 (4).
786 2432 883 2495 Suam
908 2439 1017 2494 autem
1047 2427 1234 2491 sententiam
1259 2424 1304 2487 sie

178 2533 299 2617 evolvit
308 2532 356 2618 (5)
371 2556 379 2596 ε
397 2532 566 2618 «Epistola
589 2542 709 2616 autem,
724 2555 796 2620 quas
811 2534 914 2596 fertur
929 2533 969 2595 od
985 2529 1139 2601 Hebroeos,
1155 2548 1221 2591 non
1236 2523 1304 2611 eius

178 2633 319 2700 creditur
334 2645 467 2722 propter
484 2637 554 2722 styli
572 2637 791 2722 sermonisque
807 2636 1057 2717 dissonantiam3
1080 2631 1136 2696 sed
1156 2631 1208 2694 vel
1223 2629 1305 2692 Bar·
1355 2658 1358 2659 ⁷

179 2737 281 2821 nahar,
297 2737 390 2823 juxte
408 2739 650 2826 Tertullianum,
670 2741 719 2804 vel
744 2742 836 2804 Lucae
858 2737 1079 2823 Evangelistae,
1094 2734 1187 2820 juxta
1205 2753 1305 2819 quos-

178 2838 272 2924 dam3
291 2842 342 2905 vel
362 2841 545 2926 Clementis,
567 2838 723 2907 Romanas
743 2851 850 2929 postea
873 2843 1013 2907 eeclesiae
1033 2838 1185 2924 episcopi,
1208 2829 1306 2922 quem

165 2945 268 3007 -aiunt
290 2945 348 3029 ipsi
374 2944 573 3030 adjunctum
598 2947 769 3011 sententias
807 2946 899 3009 Pauli
922 2945 1052 3030 proprio
1077 2939 1240 3005 ordinasse
1276 2947 1307 3001 et

178 3069 307 3111 ornasse
324 3070 482 3113 sermone.
501 3049 561 3114 Vel
577 3059 663 3114 certe
681 3051 757 3135 quia
777 3049 894 3112 Paulus
912 3045 1073 3111 scrihebat
1086 3041 1127 3107 ad
1141 3041 1305 3123 Hebrum,

179 3157 210 3211 ct
226 3159 357 3234 propter
375 3149 527 3217 invidiam
540 3150 588 3214 sui
600 3149 688 3236 apud
700 3171 774 3214 eum
791 3149 940 3231 nominis,
958 3148 1084 3211 titulum
1101 3145 1134 3208 in
1149 3143 1307 3229 principio

179 3250 375 3327 salutationis
395 3253 621 3337 amputaverit.
645 3251 821 3337 Scripserat
841 3261 876 3314 ut
911 3249 1066 3314 Hebraeus
1088 3245 1252 3328 hebraice,
1275 3240 1309 3306 id

212 3472 247 3535 ll)
258 3472 369 3523 Artvcrs.
382 3472 477 3523 Arium
490 3473 509 3524 l.
522 3471 553 3524 ll.
568 3474 593 3522 s.

213 3555 249 3619 (Ξ)
260 3557 286 3606 S.
298 3555 457 3616 philastrius,
471 3554 543 3610 Hoer.
557 3554 646 3604 88-89.

213 3640 248 3702 (ὅ)
258 3638 311 3688 Clr.
324 3628 485 3699 solaretur,
498 3637 599 3688 Potrot.
612 3649 653 3701 pr.
667 3634 697 3696 V,
711 3634 791 3695 nam
805 3634 831 3683 S.
845 3631 963 3693 Hilarius,
974 3631 1004 3681 In
1015 3629 1111 3679 Psalm.
1123 3629 1163 3688 tt,
1177 3627 1201 3686 tt;
1213 3625 1255 3688 55,
1268 3625 1308 3682 tt;

180 3719 217 3769 De
232 3719 324 3768 trinit.
336 3718 375 3780 lv,
390 3719 430 3780 tt;
440 3720 466 3769 S.
479 3717 637 3778 Ambrosius,
649 3715 687 3767 De
701 3719 805 3778 myster.
819 3716 844 3771 tt;
860 3713 896 3763 Da
904 3725 974 3777 poeu.
986 3710 1017 3771 ll,
1029 3712 1054 3770 5;
1066 3708 1182 3768 Rufinus,
1198 3705 1228 3755 In
1237 3717 1310 3767 sym-

182 3800 232 3852 bol.
245 3803 334 3866 Apost.
349 3803 390 3852 57.

214 3885 251 3948 ll)
266 3885 303 3935 Dc
324 3884 380 3936 ttr.
394 3884 432 3934 tt.
445 3884 495 3934 ὅθι
513 3900 524 3931 r
542 3882 615 3946 llpud
637 3881 759 3933 llomaaos
773 3891 857 3942 usque
873 3875 949 3926 hodic
961 3874 1032 3940 quasi
1044 3872 1115 3924 Pauli
1130 3869 1243 3934 Apostoli
1259 3881 1309 3918 non

182 3968 298 4021 habetur.
318 3986 330 4018 s
347 3969 484 4019 circuunt·
500 3969 528 4018 in
542 3967 577 4017 lc.
588 3965 659 4015 vnt:
676 3981 686 4012 r
703 3966 765 4016 Eam
785 3963 879 4028 (Epist.
904 3963 939 4010 act
960 3958 1049 4023 Hrbr.)
1066 3958 1144 4008 latina
1154 3953 1311 4006 consuetudo

182 4054 251 4105 inter
263 4052 394 4104 mnonicus
415 4052 558 4115 Scripturas
576 4059 626 4100 non
642 4049 740 4112 recipit.
760 4046 816 4096 »ln
828 4046 904 4097 Matr.
918 4041 1007 4093 llllvl:
1024 4039 1142 4097 «Paulus
1160 4038 1187 4088 in
1199 4036 1310 4102 Epistola

182 4150 228 4188 sua
245 4149 303 4200 quae
320 4135 440 4186 scribitur
462 4134 494 4184 ael
512 4133 640 4192 ltebraeos,
658 4131 717 4180 licet
733 4129 765 4179 de
782 4141 812 4179 ea
829 4126 905 4178 multi
923 4125 1059 4175 latinorum
1077 4121 1203 4175 dubitent.
1226 4136 1237 4167 s
1257 4117 1310 4168 Glr.

178 4211 317 4270 'Comerent
336 4219 365 4269 in
375 4216 429 4267 ter.
450 4214 545 4275 llllxt3
563 4214 594 4264 ln
605 4206 646 4264 tta
657 4213 686 4273 .l‚
705 4212 729 4276 s;
744 4210 775 4273 ll,
792 4209 817 4271 ἒς
830 4207 858 4260 tt
868 4208 947 4260 cht.
960 4204 1024 4267 vul,
1034 4206 1059 4262 δι
1077 4204 1107 4254 ln
1119 4203 1214 4268 Ep'es.
1225 4200 1255 4264 ll,
1269 4201 1309 4253 ts.

112 4318 114 4321 ·
217 4301 253 4366 (ὅ)
263 4301 299 4351 Dc
315 4301 371 4354 Vir.
386 4298 423 4350 ut.
439 4299 465 4350 ὅ.
