3166 4958
281 306 346 386 224
410 383 411 386 Ἴ
514 322 713 367 rnrronucno
731 321 877 365 srrcrsms
895 321 927 362 m
942 320 967 362 e.
986 320 1185 363 scmrrurru.

582 506 647 615 iffi
673 523 718 585 De
741 519 905 606 annqelio
930 521 963 584 S.
990 522 1096 585 Marci.

48 746 95 835 ΙΙ,
167 738 222 813 ]’”
264 761 301 838 Γ
329 746 360 809 1.
388 746 620 831 deprimentem.
646 743 759 827 Incipit
780 743 878 840 Margi
905 742 1114 826 Evangelium
1138 764 1158 806 a
1184 742 1418 828 predicatione⁷

283 850 415 913 ioannis
432 859 464 912 et
480 848 638 934 baptismo
656 846 783 910 Christi.
803 846 882 927 Qum
898 843 1014 909 deinde
1031 840 1263 937 referunturin
1283 867 1412 911 summe

284 954 477 1016 conveniunt
490 971 563 1016 cum
574 948 747 1034 Evangelio
759 949 793 1011 S.
808 949 957 1031 Mattheei,
973 970 1046 1012 cum
1059 949 1241 1012 hortamen
1253 947 1412 1013 differen—

284 1057 327 1120 tia
344 1053 431 1140 quod
444 1055 545 1118 insius
557 1076 576 1117 a
589 1053 748 1134 Matthaeo,
767 1052 895 1115 brevius
909 1072 928 1115 a
949 1051 1069 1134 Marco,
1085 1051 1199 1115 Christi
1211 1062 1299 1136 gesta
1313 1062 1414 1138 atque
1474 1091 1478 1097 ·

283 1156 369 1221 dicta
384 1152 767 1250 referuntueruomodo
785 1164 893 1218 autem
909 1153 974 1218 duo
989 1154 1127 1218 Matthaei
1143 1164 1175 1218 et
1185 1155 1285 1219 Marci
1299 1156 1413 1219 Evan—

283 1261 367 1345 gelia
381 1281 415 1324 se
430 1258 572 1324 habeant
588 1256 631 1322 ad
646 1258 795 1340 invicem,
814 1258 921 1321 statim
936 1255 1071 1321 dicetur.

327 1366 358 1427 2.
384 1365 510 1427 desetor.
519 1338 706 1454 [Auctorem
722 1360 853 1425 secundi
870 1344 1032 1447 Evingelii
1049 1383 1116 1427 esse
1132 1363 1165 1427 S.
1183 1363 1327 1428 Marcum
1345 1373 1415 1428 tota

284 1474 369 1528 retro
383 1464 512 1549 agnovit
527 1463 709 1549 antiquitas.
727 1463 824 1526 Peuci
843 1484 882 1526 ex
897 1463 1036 1550 antiquis
1048 1464 1196 1529 Marcum
1215 1467 1415 1529 numerave-

284 1574 358 1630 runt
378 1566 460 1628 inter
478 1567 519 1628 72
541 1564 714 1650 discipulos
737 1566 850 1630 Christi
862 1589 871 1648 3
898 1563 953 1629 sed
971 1567 1040 1630 haec
1064 1568 1171 1652 opinio
1195 1553 1278 1633 storc‘
1299 1560 1442 1660 nequit]

275 1667 357 1733 'cum
371 1669 558 1732 testimoniis
568 1668 686 1753 Pnpiae,
700 1668 839 1751 Eusebii,
856 1668 1052 1756 Hieronymi,
1068 1669 1248 1755 Augustini,
1262 1671 1308 1734 Th
1329 1670 1415 1736 odo-

283 1773 342 1836 reti
356 1781 387 1836 et
400 1773 549 1856 eliorum,
565 1773 621 1858 qui
635 1781 752 1856 negant
764 1773 908 1836 Marcum
919 1770 1035 1837 vidisse
1048 1794 1085 1837 eo
1097 1794 1169 1858 que
1180 1694 1424 1861 scripsitfiNQ

178 1868 181 1881 '
284 1875 309 1936 si
334 1873 459 1938 Marcus
482 1896 520 1937 ex
539 1877 735 1960 septuaginta
760 1873 888 1939 duobus
911 1875 1020 1941 suisset
1037 1877 1145 1962 aliqua
1167 1877 1279 1941 saltem
1297 1877 1416 1942 Christi

284 1985 372 2061 gesta
386 1978 523 2063 propriis
539 1979 639 2042 oculis
659 1975 797 2046 vidisset.
815 1979 928 2042 Patres
940 1978 1023 2042 bene
1041 1979 1133 2042 multi
1152 1978 1312 2043 effinnant
1324 1981 1416 2044 Mar—

284 2101 359 2144 cum
386 2082 471 2144 Petri
495 2091 698 2165 sectaturum,
721 2081 914 2167 discipulum
937 2091 1034 2168 etque
1057 2082 1274 2167 interpretem,
1299 2082 1412 2146 inisse.

284 2182 362 2263 Quae
376 2185 508 2248 assertio
522 2193 609 2249 certe
629 2169 782 2279 videtur]
795 2186 909 2248 merito
924 2193 1032 2248 autem
1048 2182 1211 2249 dubitetur
1226 2206 1267 2248 an
1285 2184 1415 2248 Marcus

283 2287 485 2372 Evangelista
497 2310 562 2353 una
575 2287 754 2375 eademque
767 2291 807 2353 sit
819 2310 956 2377 persona
969 2306 1044 2352 eum
1054 2289 1178 2353 Jonnne
1189 2288 1308 2370 Marco,
1318 2284 1414 2371 cujus

283 2390 402 2452 mentio
425 2390 563 2453 occurrit
584 2392 616 2454 in
641 2389 775 2454 Actibus
792 2390 1020 2586 Aipostolorum
1036 2389 1096 2474 (Ι),
1115 2397 1170 2453 aut
1193 2409 1267 2452 cum
1287 2388 1411 2471 Murco,

284 2490 374 2576 cujus
394 2494 539 2555 meminit
560 2493 592 2556 S,
606 2494 803 2577 Paulus(2)r
840 2502 987 2578 ostquam
1012 2491 1122 2577 atique
1137 2500 1281 2575 tempore
1295 2491 1412 2555 Romae

283 2612 358 2655 cum
373 2593 406 2655 S.
424 2594 519 2658 Petro
532 2592 680 2680 degisset,
695 2597 808 2659 missus
827 2595 887 2660 fuit
898 2594 941 2658 eh
957 2594 1109 2681 Apostolo
1125 2595 1158 2658 in
1173 2596 1357 2679 AEgyptum,
1374 2602 1413 2656 ut

182 2680 188 2694 ⁸
282 2688 329 2761 ibi
340 2699 548 2784 Evangelium
561 2699 760 2785 praedicaret,
771 2710 801 2764 ct
813 2700 916 2766 factus
928 2708 974 2764 est
986 2700 1108 2785 primus
1121 2699 1262 2763 ecclesie
1273 2698 1412 2761 Alexan-

282 2798 382 2864 drinae
399 2803 578 2888 episcopus.
602 2803 744 2867 Mortuus
759 2812 805 2867 est
822 2813 934 2868 octauo
952 2801 1088 2867 Neronis
1100 2822 1185 2866 anno
1194 2851 1205 2885 ,
1220 2810 1252 2865 et
1267 2800 1410 2885 sepultus

282 2909 328 2963 est
340 2900 552 2984 Alexandriae,
571 2902 600 2965 ei
616 2901 807 2967 succedente
820 2902 947 2966 Aniano
957 2900 1020 2987 (ὅ).
1033 2901 1108 2988 Ejus
1123 2901 1277 2965 memorie
1295 2900 1410 2964 colitur

281 3000 321 3065 ud
336 3001 422 3067 diem
443 3004 485 3067 25
500 3004 632 3105 Aprilis]

325 3107 357 3170 5.
376 3109 516 3192 Tempus,
531 3106 622 3183 locus,
640 3113 766 3173 occasio.
783 3110 911 3174 Certum
924 3118 970 3172 est
985 3108 1128 3173 Marcum
1141 3119 1213 3193 post
1223 3107 1408 3171 Matthaeum

282 3217 313 3272 et
323 3209 563 3272 anteJoannem
577 3230 614 3273 ac
625 3209 714 3295 juxte
728 3219 993 3294 omne8,excepto
1000 3210 1162 3274 Clemente
1175 3206 1405 3290 Alexandrino,

282 3311 378 3372 etiam
400 3320 475 3374 ente
498 3312 617 3375 Lucem
641 3313 850 3398 Evangelium
871 3333 965 3376 suum
985 3310 1131 3376 edidisse.
1151 3311 1221 3392 Quo
1240 3311 1322 3392 loco,
1341 3328 1407 3394 qno

283 3424 437 3498 tempore,
463 3438 525 3501 que
551 3416 729 3498 occasione,
757 3438 796 3480 ex
819 3415 968 3480 Patribus
990 3413 1181 3479 edissemus.
1212 3413 1323 3478 Refert
1340 3412 1408 3475 Pa-

280 3518 349 3601 pias
364 3519 424 3603 (4),
439 3520 487 3582 vir
503 3521 584 3583 etati
600 3521 781 3604 apostolicos
793 3521 956 3605 proximus
972 3542 979 3582 ε
998 3544 1013 3577 «
1031 3521 1187 3602 Marcum,
1204 3518 1289 3581 Petri
1305 3518 1408 3580 inter-

280 3629 403 3705 pretem
428 3621 488 3707 (5),
509 3644 719 3708 quaecumqno
743 3625 906 3687 memoriae
929 3621 1174 3687 mandaverata
1195 3620 1331 3683 Domino
1350 3625 1408 3682 aut

312 3855 347 3919 (Ι)
361 3850 418 3905 Aet.
430 3854 482 3916 xli,
499 3854 593 3915 122&
606 3853 670 3914 uu,
683 3855 707 3912 5,
722 3856 761 3914 13;
778 3855 829 3912 XV,
843 3855 884 3905 ot.

312 3937 511 4002 (mentorem,
527 3938 567 4000 tu;
582 3938 609 3989 ΙΙ
625 3939 688 3990 Tim.
703 3937 744 3998 tv,
763 3939 802 3994 1t;
818 3937 923 3988 Plritem.
937 3936 978 3987 et.
994 3930 1057 3988 vioe
1072 3936 1104 3988 de
1116 3937 1162 3993 hue
1176 3937 1315 4000 questione
1331 3938 1408 3990 docte

279 4023 444 4072 disserentem
456 4020 601 4081 patritium,
619 4021 653 4072 De
663 4020 812 4085 anupcttts
825 4021 842 4070 Ι,
857 4019 876 4081 Ι,
890 4032 913 4070 c.
932 4017 956 4080 ἒ,
969 4032 995 4083 q.
1007 4017 1032 4070 Ι.

239 4158 241 4163 ,
312 4104 347 4166 (5)
361 4104 473 4165 Hieron,
486 4105 520 4155 De
530 4105 583 4154 nir.
594 4103 631 4154 tu.
643 4105 669 4154 8.

314 4188 349 4250 (Ι)
362 4190 409 4251 Ap.
423 4189 526 4249 Enseu,
539 4189 605 4239 Hist.
620 4189 692 4240 Ecct.
708 4187 749 4249 ΙΙΙ,
766 4190 807 4240 59.

314 4270 350 4332 (5)
365 4269 474 4320 Marcum
489 4270 558 4321 Petri
570 4272 733 4333 interpretem
745 4279 835 4322 vocum
849 4273 958 4324 lrenaeus
970 4273 1152 4336 (Contrchoer.
1164 4273 1206 4336 ΙΙΙ,
1221 4275 1254 4335 Ι),
1269 4272 1408 4326 Tertullia-

280 4365 329 4403 nus
339 4350 415 4414 (Artv.
431 4351 559 4404 Marcion.
578 4352 617 4415 Ι),
632 4354 669 4416 o),
685 4353 851 4418 Hieronymus
863 4355 907 4416 (De
919 4356 970 4406 vir.
988 4353 1027 4406 tu.
1044 4354 1079 4420 8),
1089 4355 1142 4406 arn.
