3166 4958
305 352 368 417 190
528 366 727 410 ttttuobttcrto
744 366 891 410 spectans
911 369 940 410 nt
958 369 984 412 S.
1000 368 1200 412 summumst.

305 477 426 534 constat
444 465 570 532 Judoeos
585 487 675 552 aeque
691 488 729 530 ac
744 466 936 561 Christianos
956 487 1078 552 omues,
1097 467 1240 531 unanimi
1257 488 1434 549 consensu,
1550 492 1551 495 ¹

305 594 379 638 eum
399 572 507 656 priora
530 579 601 634 octa
625 570 740 654 capita,
766 565 833 631 tum
857 590 911 633 sex
931 573 1107 655 posteriora
1126 571 1285 635 Zachariae
1306 571 1437 635 auctori

305 675 437 740 reierrc.
456 674 582 737 Primus
598 672 629 735 J.
647 671 739 735 Mede
762 670 885 756 Anglus
903 672 969 756 (an.
996 673 1094 758 1655)
1110 671 1182 737 ideo
1199 675 1302 758 capita
1317 674 1438 737 Ill-XI

307 777 467 843 Zachariae
479 796 546 840 esse
567 776 705 860 negavit,
725 774 800 860 quia
816 773 902 859 apud
920 775 1028 839 Motth.
1046 775 1177 857 XXVII,
1192 777 1212 839 9
1231 777 1320 840 locus
1332 776 1434 839 Zarlr.

305 883 363 962 XI,
381 881 422 944 tt
440 878 501 944 sub
517 878 646 941 nomine
668 878 815 941 Jeremiae
831 878 987 960 allegatur
1006 876 1066 963 (l).
1081 878 1185 942 Secuti
1208 888 1281 942 sunt
1298 878 1437 965 quidam

305 985 359 1048 alii
376 990 521 1047 auctores
541 980 637 1065 Angli
654 977 768 1043 eadem
787 980 890 1063 capita
912 979 977 1043 imo
997 988 1095 1043 totam
1116 977 1290 1044 secundam
1306 990 1438 1066 partem

306 1086 452 1150 Jeremiae
475 1082 659 1146 tribuentes.
678 1081 847 1145 Newcome
871 1101 888 1144 e
908 1091 1018 1145 contra
1036 1102 1107 1165 cap.
1126 1081 1237 1145 lx-xl
1260 1083 1439 1168 antiquiori

307 1189 474 1275 Prophetae
489 1183 696 1271 adjudicavit.

352 1292 405 1356 52.
422 1288 543 1355 Eadem
559 1289 663 1373 capita
680 1286 722 1352 ad
738 1285 835 1351 linem
848 1288 952 1351 saeculi
968 1287 1067 1372 elapsi
1080 1289 1201 1372 primus
1214 1290 1246 1351 in
1262 1288 1441 1355 Germania

310 1393 507 1479 impugnavit
518 1391 650 1474 Fltigge,
666 1411 762 1475 quem
778 1390 876 1453 secuti
895 1398 967 1452 sunt
986 1390 1159 1473 Michaelis,
1181 1391 1293 1471 Seiler,
1314 1392 1439 1476 Bauer,

310 1495 454 1578 Corrodi,
476 1492 655 1577 Bertholdt,
672 1495 717 1558 De
734 1495 842 1558 Wette
865 1494 912 1579 (in
929 1492 1031 1557 tribus
1050 1494 1209 1578 prioribus
1228 1494 1439 1579 editionibuS,

309 1603 341 1664 iu
365 1607 502 1685 quatuor
525 1596 752 1682 posterioribus
775 1596 972 1660 authentiam
996 1595 1143 1660 secundae
1165 1599 1261 1683 partis
1279 1597 1440 1682 admisit),

310 1699 474 1784 Forbiger,
491 1698 728 1779 Rosenmtiller,
746 1695 884 1779 Maurer,
902 1696 1017 1781 Hitzig,
1034 1697 1172 1779 Knobel,
1187 1698 1308 1782 Euald,
1323 1700 1439 1782 Meier,

312 1802 424 1885 Bleelr,
443 1799 633 1884 Ortenberg,
652 1809 712 1862 etc.
728 1799 787 1884 (2).
803 1800 939 1862 Tantum
954 1809 1061 1864 autem
1075 1800 1163 1865 abest
1178 1811 1213 1865 ut
1227 1804 1277 1867 isti
1289 1813 1443 1868 auctores

312 1906 354 1970 de
385 1905 506 1988 origine
534 1903 650 1966 horum
679 1903 818 1987 capitum
848 1904 1050 1984 conveniant,
1071 1912 1106 1967 ut
1133 1916 1243 1970 contra
1268 1907 1440 1995 Forbiger,
1550 1958 1551 1965 ,

313 2006 538 2074 Rosenmirller
555 2016 586 2069 et
604 2005 708 2089 Hitzig
724 2027 761 2069 ea
777 2005 944 2090 Prophetae
958 2006 1014 2068 aevi
1031 2004 1113 2070 Oziae
1130 2007 1282 2092 tribuant;
1303 2011 1440 2096 Fliigge,

314 2114 425 2193 Seiler,
451 2108 625 2190 Michaelis,
643 2108 759 2190 Bauer,
779 2109 900 2171 auctori
919 2109 1046 2171 incertae
1062 2109 1170 2192 aetatis,
1194 2109 1326 2175 Corrodi
1348 2132 1441 2197 vero,

315 2216 489 2297 Eichhorn,
502 2213 633 2294 Paulus,
647 2210 827 2294 Gramherg
839 2232 888 2292 ea,
900 2209 955 2274 diu
968 2220 1040 2295 post
1052 2213 1193 2296 exilium,
1205 2223 1294 2278 aetate
1308 2217 1443 2280 Macha-

316 2318 458 2381 baeorum
475 2318 529 2377 aut
552 2311 726 2375 Alexandri
747 2312 852 2395 Magni
872 2312 1017 2376 confecta
1040 2324 1221 2397 supponant
1228 2339 1237 2398 3
1259 2326 1442 2381 ceterorum

315 2418 461 2504 plerique
475 2423 564 2478 aetate
580 2414 709 2478 Achati.
729 2412 820 2477 Unde
830 2412 900 2499 jam
914 2414 1072 2498 colligitur
1088 2406 1293 2501 nequaquam
1309 2417 1442 2483 firmum

317 2540 384 2583 esse
401 2515 647 2581 fundamentum
664 2537 727 2602 quo
745 2504 888 2579 nit'untur
904 2514 962 2578 viri
981 2515 1026 2578 illi
1044 2516 1154 2580 critici.
1180 2516 1353 2604 Antiquam
1372 2528 1443 2583 tra·
1549 2560 1550 2591 t

316 2620 469 2686 ditionem
484 2617 685 2683 vindicarunt
697 2641 705 2680 ε
716 2639 754 2680 ex
765 2618 933 2682 Catholicis
945 2617 1041 2700 Jahn,
1056 2618 1305 2704 Herbst-Welte,
1319 2620 1442 2705 Glaire,

317 2723 502 2806 Haneberg,
515 2721 651 2806 Schegg,
668 2721 796 2785 Reusch
808 2729 839 2783 et
850 2720 976 2802 Dank03
991 2742 1030 2784 ex
1042 2722 1225 2787 acatholicis
1238 2724 1442 2809 Carpzovius,
1549 2760 1550 2791 t

317 2827 498 2907 Backhaus,
516 2822 695 2906 Sandrock,
716 2825 842 2904 Klistcr,
862 2822 1116 2908 chgstenberg,
1136 2824 1293 2909 Umbreit,
1312 2826 1444 2892 Havet-

317 2933 404 3016 nich,
429 2931 502 2994 Keil
520 2938 551 2993 et
568 2930 616 2992 De
640 2931 747 2993 Wette
771 2931 803 2992 in
826 2928 1052 3013 posterioribus
1074 2927 1264 2994 editionibus
1282 2929 1342 3016 (5).
1361 2930 1443 2995 Cum

316 3036 433 3122 quibus
448 3032 608 3097 Zachariae
623 3034 799 3115 posteriora
816 3031 919 3115 capita
935 3030 1098 3096 vindicare
1115 3033 1315 3097 conabimur.

363 3136 681 3202 aedessenum
702 3135 857 3219 probatur
877 3137 1072 3220 argumentis
1094 3138 1230 3201 externis
1249 3147 1279 3201 et
1296 3140 1442 3223 internis⁷

318 3242 396 3307 dum
421 3263 438 3305 e
464 3249 574 3303 contra
595 3237 768 3302 adversarii
785 3238 872 3301 omni
890 3247 1020 3302 externo
1035 3240 1214 3304 testimonio
1230 3240 1446 3307 destituuntur

319 3354 350 3409 et
362 3343 532 3407 exinterna
545 3340 618 3403 libri
631 3338 738 3403 indole
749 3341 872 3404 nonnisi
886 3339 1084 3426 conjecturas
1096 3339 1286 3426 depromere
1299 3355 1443 3428 possunt.

319 3447 358 3510 Et
372 3464 484 3507 revera
501 3441 610 3526 negari
624 3443 735 3526 nequit
749 3442 936 3525 Zachariam
952 3452 1116 3507 auctorem
1130 3466 1196 3508 esse
1214 3455 1284 3509 octo
1298 3448 1444 3534 priorum

320 3550 460 3633 capitum
475 3569 484 3627 3
503 3566 578 3609 nam
595 3543 710 3608 diserte
726 3546 784 3629 ipsi
805 3543 1040 3609 adscribuntur.
1057 3546 1159 3611 Porro
1177 3569 1247 3633 quae
1269 3560 1448 3635 sequuntur

320 3649 480 3737 prioribus
503 3669 628 3711 annexa
647 3657 719 3711 sunt
734 3647 856 3733 absque
872 3648 939 3711 ullo
964 3645 1094 3731 indicio,
1114 3670 1178 3733 quo
1196 3650 1389 3735 significetur
1407 3674 1446 3716 ea

319 3753 448 3818 alterius
464 3771 531 3814 esse
547 3750 726 3835 Propheta.
747 3750 913 3813 Insolitum
929 3759 1037 3814 autem
1055 3759 1100 3814 est
1121 3761 1156 3815 ut
1174 3753 1206 3815 in
1227 3752 1340 3817 eodem
1360 3755 1445 3819 libro
1548 3770 1549 3849 j

318 3857 468 3922 vaticinia
485 3851 683 3917 diversorum
701 3852 935 3937 Prophetarum
955 3851 1132 3938 conjuncta.
1144 3857 1355 3940 reperiantur.
1373 3857 1446 3921 Au·
1548 3866 1549 3909 1

320 3970 389 4025 otor
416 3958 467 4022 vel
495 3964 639 4020 auctores
663 3955 793 4020 canonis
816 3953 955 4037 Hebraei,
979 3957 1035 4041 qui
1057 3958 1142 4021 circa
1162 3956 1274 4021 eadem
1299 3968 1445 4043 tempora

353 4223 389 4285 (Ι)
399 4222 436 4271 lte
448 4221 495 4270 hac
510 4219 655 4270 difficultate
669 4218 722 4280 agit
733 4217 837 4278 Reinle,
849 4216 892 4267 tit.
905 4218 950 4268 ott.
964 4232 988 4282 p.
1001 4217 1042 4269 tl.

353 4305 388 4367 (t)
400 4304 446 4365 hp.
462 4300 556 4351 lteinle
567 4300 612 4350 lib.
628 4301 673 4350 eit.
686 4304 698 4358 t
710 4300 733 4349 5.
748 4314 773 4363 p.
787 4299 871 4352 tt-ae.

355 4386 390 4449 (ὅ)
406 4385 452 4447 hp.
470 4381 574 4443 lleinte,
592 4382 609 4431 l.
620 4393 643 4430 e.
656 4394 680 4444 p.
694 4379 735 4431 25.
