3166 4958
485 451 488 456 ’
519 452 691 552 PARS
720 450 1039 554 SECUNDA.

176 712 469 780 INTRODUCTIO
489 717 692 784 SPECIALIS
710 720 751 783 IN
772 719 918 784 LIBROS
938 719 1038 786 NOVl
1058 720 1322 785 TESTAMENTl.

645 1117 810 1197 CAPUT
845 1118 877 1195 l.

273 1369 313 1411 nu
333 1368 469 1432 oarnmn,
496 1369 725 1413 nnoracnrrona
747 1371 843 1422 amun
866 1370 1066 1413 contrariosa
1087 1372 1244 1414 annonari

577 1474 650 1517 rou
677 1470 859 1517 rrsrnuunrr
883 1452 944 1540 (l).

243 1669 276 1732 i.
296 1666 456 1733 'A'bsolutis
472 1668 510 1731 iis
532 1689 604 1753 quae
625 1666 667 1731 ad
685 1669 800 1732 veteris
823 1669 1014 1734 Testamenti
1030 1669 1129 1734 libros
1151 1671 1322 1755 pertinent,

194 1788 343 1854 gressum
357 1770 492 1835 iacimus
504 1769 546 1834 ad
558 1770 676 1855 scripta
692 1771 765 1834 novi
781 1771 983 1835 Testamenti.
999 1773 1037 1836 Et
1048 1773 1180 1836 istorum
1192 1771 1324 1859 quidem

194 1871 356 1944 librorum
372 1893 411 1936 eo
426 1871 606 1936 accuratius
621 1871 713 1935 nobis
728 1869 946 1957 investiganda
966 1883 1012 1937 est
1032 1874 1134 1958 origo,
1156 1894 1324 1958 exponen·
1430 1870 1432 1874 ’

195 1971 279 2037 dum
291 1982 528 2058 argumentum,
540 1972 729 2038 stabilienda
741 1972 917 2057 authentia,
931 1972 1135 2039 defendenda
1146 1976 1322 2059 integritas,
1374 2035 1380 2042 .

129 2143 133 2149 ,
195 2074 392 2141 vindicanda
415 2076 516 2159 fides,
541 2099 605 2162 quo
629 2078 848 2141 vehementius
870 2076 1045 2142 hodiedum
1067 2101 1085 2142 a
1109 2078 1326 2142 Rationalistis

197 2181 288 2245 omni
304 2180 534 2266 sophismatum
550 2199 667 2265 genere
685 2180 924 2271 impugnantia.

244 2283 275 2346 ἢ.
297 2281 381 2346 Illud
393 2293 501 2347 autem
517 2283 622 2347 statim
639 2283 671 2346 in
691 2283 800 2347 limine
816 2282 986 2369 ohservare
998 2281 1103 2369 juvat,
1121 2281 1219 2348 fidem
1236 2282 1325 2347 scili-

199 2393 252 2448 cet
273 2382 478 2472 praedicatam
512 2396 543 2449 et
565 2407 625 2470 per
645 2385 766 2449 orbem
790 2402 932 2470 sparsum
956 2386 1052 2450 fuisse
1075 2382 1255 2472 antequam
1272 2388 1325 2450 vel

197 2507 300 2550 unum
313 2485 431 2572 dogma
443 2488 560 2572 scripto
575 2486 794 2571 mandaretur,
808 2488 982 2553 Ecclesiam
1000 2489 1189 2553 catholicam
1203 2486 1325 2552 funda-

199 2599 267 2653 tum
289 2590 385 2654 luisse
404 2600 577 2676 antequam
596 2592 681 2655 ullus
704 2592 778 2655 novi
794 2585 985 2656 Testamenti
1005 2591 1088 2656 liber
1103 2600 1262 2674 exstaret3
1286 2613 1327 2655 ac

199 2701 443 2777 consequenter,
453 2692 737 2778 quamvismaximi
748 2687 896 2758 iacienda
909 2694 947 2757 sit
958 2693 1066 2757 divina
1079 2693 1325 2778 Evangeliorum

198 2793 538 2882 auotoritaqquamvis
548 2796 695 2881 Epistola
706 2791 933 2882 Apostolorum
943 2797 1143 2861 imernmum
1154 2797 1324 2860 veritatum

200 2899 375 2962 coelestium
391 2899 512 2962 fontem
533 2901 735 2982 constituant,
757 2899 874 2962 salsum
893 2919 961 2962 esse
981 2897 1060 2962 illud
1078 2899 1325 2962 Protestantium

103 2994 107 2998 ’
199 3009 366 3084 assertum,
393 3022 459 3087 quo
482 3001 678 3065 contendunt
701 3021 810 3065 veram
833 3001 941 3065 salutis
968 2998 1146 3065 doctrinam
1168 2991 1262 3063 unice
1286 3020 1326 3062 ex

198 3103 369 3188 scripturis
385 3103 596 3169 hauriendam
613 3126 705 3187 esse3
728 3118 827 3190 quum
847 3125 868 3167 e
890 3111 1000 3167 contra
1024 3120 1100 3167 vera
1119 3100 1265 3166 doctrina
1288 3102 1328 3164 sit

197 3204 374 3290 repetenda
402 3205 445 3270 ab
473 3204 629 3291 Ecclesia,
654 3203 714 3270 cui
729 3225 801 3269 eam
825 3204 965 3268 Christus
988 3221 1046 3288 per
1066 3201 1325 3289 pradicationem

199 3304 340 3371 tradidit.
372 3306 497 3371 Etenim
526 3308 667 3372 Christus
695 3308 841 3372 Salvator
866 3307 945 3370 nihil
968 3306 1146 3394 quidquam
1173 3305 1326 3391 scriptum

199 3409 329 3496 reliquit
344 3411 404 3496 (2),
425 3410 482 3475 sed
498 3404 678 3476 doctrinam
694 3432 784 3474 suam
800 3411 873 3474 viva
886 3431 965 3475 voce
980 3411 1164 3475 hominibus
1180 3429 1327 3474 commu-

234 3625 268 3690 (l)
280 3624 331 3676 cir.
347 3626 503 3689 lielthmayr,
519 3624 699 3676 Introduction
715 3638 751 3675 uu
766 3624 800 3677 N.
816 3625 843 3676 Τ.
863 3624 977 3676 traduite
993 3638 1037 3688 par
1051 3626 1090 3676 lte
1103 3626 1230 3690 Vutroger.
1246 3628 1328 3686 Paris,

202 3707 274 3759 1861.
291 3715 310 3758 t.
321 3707 342 3764 l.
353 3709 422 3760 Sect.
435 3706 455 3768 l,
472 3706 554 3773 §aa
574 3707 696 3769 Girumu,
713 3706 874 3758 Introductio
896 3708 924 3757 in
939 3708 972 3758 N.
986 3708 1014 3759 Τ.
1031 3709 1118 3772 Pragae
1134 3709 1206 3759 1865.
1221 3711 1290 3760 Part.
1305 3707 1330 3762 l.

200 3796 260 3840 sect.
274 3789 294 3851 l,
306 3804 329 3840 c.
343 3792 366 3852 13
381 3790 428 3842 Ad.
440 3789 526 3850 llaier,
541 3789 691 3855 Einleitunq
700 3790 729 3839 in
746 3789 905 3854 dieSoIrrist.
915 3791 941 3840 d.
954 3789 990 3843 N.
1005 3790 1032 3842 T.
1047 3790 1161 3853 Friliurgi
1175 3789 1285 3849 raum.
1298 3802 1326 3852 p.

203 3878 265 3923 sect.
281 3870 327 3938 l‚§
342 3872 400 3933 154,
411 3887 469 3937 sqq.

233 3955 269 4020 (2)
279 3956 380 4007 (inusto
391 3957 516 4007 tribuitur
526 3957 630 4021 epistola
646 3957 677 4008 ad
694 3955 830 4020 Abgarum,
846 3956 947 4007 Edessa
957 3967 1053 4016 regem,
1066 3968 1141 4018 quam
1154 3954 1231 4004 reteri
1244 3953 1326 4002 Euse-

200 4039 259 4090 bius
271 4039 351 4102 (Hist.
365 4039 465 4090 Erotes.
476 4039 496 4101 l,
510 4041 559 4104 ta).
570 4040 670 4103 syriace
686 4053 717 4090 cx
729 4038 996 4104 antiquissimomdioe
1007 4050 1061 4088 eam
1074 4038 1153 4090 edidit
1163 4036 1325 4089 Curetonius.

201 4121 282 4172 Moses
298 4121 467 4172 cheroneusis
478 4123 555 4173 tradit
568 4123 631 4173 hanc
642 4123 674 4173 ad
690 4122 816 4185 Abgarum
833 4121 965 4184 epistolam
982 4121 1083 4171 nomine
1096 4121 1189 4172 Christi
1204 4121 1327 4172 a‘lhoma

200 4203 320 4266 nposuro
342 4201 460 4266 sonutam
474 4202 562 4254 luisse.
579 4203 666 4254 [tanto
678 4216 737 4254 cum
757 4203 884 4267 plerisque
903 4208 978 4265 negat
997 4202 1128 4266 epistolam
1151 4217 1206 4255 esse
1220 4203 1327 4255 authen·

200 4283 284 4334 ticam
307 4284 426 4335 Nonnulli
448 4285 604 4336 contrarium
623 4286 747 4336 sentiunt.
767 4284 895 4349 Quidquid
914 4291 1000 4336 autem
1022 4284 1074 4348 sit,
1092 4287 1197 4351 epistola
1218 4294 1329 4339 nonest

200 4371 303 4429 recepta
314 4365 383 4416 inter
394 4364 537 4429 Scripturas
550 4368 691 4419 eanonicus
