3142 4964
248 304 290 371 72
311 347 315 367 ι
473 323 673 368 mraonnorro
690 322 836 366 srxcums
855 323 888 364 ue
901 322 927 364 s.
943 320 1142 364 samarcam.

249 424 366 487 sectam
386 422 572 507 reliquerat,
590 429 620 484 et
637 428 768 504 quartus
785 439 950 504 nunquam
971 425 1134 502 separatus
1150 417 1210 481 fuit
1225 438 1244 479 a
1263 417 1381 482 tertio.⁴

136 518 138 523 ⁴
204 539 206 543 ’
250 525 393 611 Apparet
408 515 503 588 ctiam
521 544 560 587 ex
574 521 734 585 nonnullis
749 519 913 585 vocabulis
926 528 956 584 ct
972 519 1149 605 proverbiis
1164 518 1283 583 librum
1301 519 1379 604 pri·
1428 549 1431 555 ·

250 650 340 692 mum
349 625 456 714 quoad
469 628 583 712 stylum
596 645 771 690 consonare
788 645 861 688 cum
873 624 955 688 libro
969 633 1094 710 quarto,
1108 622 1254 709 adeoque
1271 645 1379 688 unum

250 733 414 817 utriusque
430 727 664 813 admittendum
684 737 859 791 auctorem.
878 727 960 791 Huic
980 736 1087 790 tamen
1103 728 1263 791 sententie
1279 729 1380 812 plura

251 833 388 899 obstant.
410 832 534 896 Etenim
556 831 759 894 continuatur
773 828 904 923 quidem
918 851 978 914 per
994 837 1131 915 quatuor
1146 830 1244 893 libros
1260 829 1381 893 eadem
1442 861 1444 867 r

250 938 378 1020 Regum
401 935 543 1015 historia,
564 931 620 996 sed
639 931 717 1004 dum
737 933 770 994 in
789 930 914 996 duobus
932 932 1091 1017 prioribus
1119 933 1208 997 libris
1236 933 1381 997 narratio

251 1039 352 1102 fusior
367 1037 436 1100 fluit
452 1047 483 1100 et
494 1034 695 1100 solummodo
712 1034 753 1098 de
768 1035 863 1098 Saule
876 1045 908 1098 et
919 1034 1041 1101 Davide
1053 1038 1128 1120 agit,
1143 1035 1207 1123 duo
1220 1039 1381 1122 posterio-

251 1162 303 1204 res
331 1139 371 1203 de
401 1140 512 1204 ceteris
535 1134 625 1201 Judae
656 1146 687 1201 et
715 1137 840 1201 Israelis
868 1138 996 1222 regibus
1019 1119 1202 1204 summatim
1226 1143 1376 1205 tractant.

251 1247 409 1309 Praeterea
428 1244 462 1305 in
479 1241 604 1305 duobus
625 1238 782 1324 prioribus
805 1239 894 1303 libris
916 1251 1088 1304 occurrunt
1111 1240 1223 1305 sormae
1244 1245 1380 1327 poeticae

253 1347 485 1429 allocutiones,
505 1344 593 1407 libris
608 1344 827 1423 Pentateuchi,
845 1343 941 1406 losue
960 1352 991 1405 et
1007 1342 1157 1408 ludicum
1176 1334 1378 1428 communes,

254 1470 325 1535 quae
347 1470 413 1511 non
436 1446 646 1510 observantur
665 1446 697 1507 in
721 1444 847 1509 duobus
871 1445 959 1510 libris
977 1447 1213 1530 posterioribus.
1232 1449 1380 1534 Denique

254 1553 330 1616 talia
348 1553 443 1615 etiam
467 1550 615 1633 leguntur
631 1569 701 1633 quae
718 1548 759 1611 ab
783 1559 912 1612 auctore
928 1558 999 1633 post
1017 1550 1230 1634 captivitatem
1251 1552 1380 1617 vivente

254 1655 349 1719 scribi
370 1654 593 1738 nequiverunt,
619 1660 654 1714 ut
676 1660 722 1726 est
744 1649 824 1714 illud
848 1652 879 1737 (l
897 1652 969 1734 Rep.
988 1651 1118 1735 XXVII,
1140 1653 1174 1738 6)
1196 1677 1203 1716 :
1224 1657 1315 1718 Facta
1335 1669 1382 1720 est

254 1744 368 1840 Sicdlep
388 1776 490 1839 repam
507 1754 590 1816 dada
607 1775 700 1837 usqae
715 1756 747 1814 ia
763 1754 842 1815 diem
859 1752 946 1816 baua.
966 1754 1038 1817 lam
1056 1765 1162 1819 autem
1182 1767 1253 1841 post
1273 1760 1381 1842 capti-

255 1862 396 1939 vitatem,
412 1857 535 1940 Siceleg
549 1876 612 1919 non
624 1864 748 1939 poterat
764 1876 830 1918 esse
845 1877 959 1940 regum
976 1855 1067 1919 Judae
1086 1859 1141 1943 qui
1158 1880 1222 1922 nou
1241 1861 1382 1944 amplius

255 1961 431 2025 exstabant.

298 2065 329 2127 6.
356 2063 438 2126 Hinc
465 2063 519 2125 alii
542 2042 708 2125 autumant
725 2061 823 2124 libros
841 2063 966 2144 Regum
986 2084 1004 2125 a
1027 2062 1171 2146 pluribus
1195 2066 1382 2130 auctoribus

255 2167 450 2250 conscriptos
463 2186 541 2229 esse.
555 2166 649 2228 Juxta
666 2164 761 2250 hujus
778 2165 939 2228 sententiae
957 2174 1107 2249 patronos
1123 2167 1253 2231 Samuel
1267 2169 1382 2234 litteris

254 2268 455 2333 mandaverit
477 2288 547 2353 quaa
567 2289 658 2331 suam
674 2276 810 2330 mortem
831 2276 1058 2350 praecesserant
1078 2268 1111 2352 (I
1128 2265 1199 2353 Rep.
1219 2271 1379 2359 l-XXIV).

255 2373 422 2456 Prophetae
438 2370 576 2450 Nathan,
591 2367 661 2433 Gad
674 2378 705 2431 et
728 2368 825 2432 Ahias
844 2369 990 2432 Silonites
1010 2378 1097 2453 gesta
1111 2370 1240 2435 Davidis
1263 2382 1293 2435 et
1316 2374 1382 2437 Sa-

256 2474 392 2537 lomonis
415 2473 669 2556 conscripserunt
690 2470 778 2557 juxta
801 2471 878 2535 illud
907 2496 915 2535 ι
942 2472 1032 2537 Gesta
1052 2486 1151 2537 uatem
1172 2476 1273 2539 David
1299 2481 1383 2562 repis

255 2580 362 2661 priora
381 2587 409 2637 et
427 2576 590 2637 sauvissima
614 2576 815 2656 scriptarum
835 2577 868 2636 aie
887 2574 962 2637 libro
982 2575 1108 2638 Samuel
1126 2576 1275 2651 Victualis,
1296 2591 1325 2641 et
1346 2582 1383 2641 in

257 2678 333 2741 libro
359 2677 483 2740 Nathan
504 2675 678 2759 Propheta,
703 2687 792 2759 atque
815 2679 847 2738 ia
870 2676 1019 2740 calamiae
1042 2677 1111 2743 Gad
1136 2679 1284 2743 Videmis.
1310 2680 1348 2743 Et
1372 2704 1380 2743 z

257 2780 385 2864 Reliqua
401 2791 499 2841 autem
516 2799 640 2862 operum
657 2777 827 2841 Salomonis
845 2782 983 2863 priorum
1007 2791 1035 2841 et
1051 2782 1282 2844 srenissimoram
1299 2786 1383 2846 scri-

256 2893 310 2966 pta
325 2892 396 2944 sam
407 2882 441 2943 ia
456 2878 551 2943 uerbis
569 2877 691 2942 Nathan
708 2878 873 2961 Propheta
890 2890 917 2941 et
936 2882 968 2941 m
982 2878 1066 2943 tibris
1078 2880 1168 2943 Atta
1179 2879 1328 2956 situatis,
1347 2886 1384 2946 in
1486 2868 1488 2875 ‚

256 2986 370 3048 visione
389 3003 504 3068 qaoque
522 2981 611 3044 Addo
629 2981 662 3046 V
659 2981 767 3043 edentis
788 2980 846 3065 (l).
866 2980 1015 3044 Attamen
1036 3003 1074 3044 ex
1091 2983 1154 3046 illis
1168 2984 1305 3048 textibus
1319 2987 1384 3051 hoc

257 3107 358 3150 unum
382 3083 548 3149 dumtaxat
570 3091 703 3166 constat,
727 3083 910 3147 Samuelem
928 3085 1046 3148 scilicet
1065 3085 1208 3172 aliosque
1228 3088 1384 3172 allegatos
1492 3101 1498 3115 ¹

258 3188 434 3271 Prophetas
457 3195 544 3270 gesta
568 3186 694 3268 Saulis,
720 3185 847 3250 Davidis
869 3195 965 3271 atque
989 3187 1167 3252 Salomonis
1192 3191 1353 3275 scripsisse
1372 3217 1381 3274 ;

258 3291 389 3354 minime
412 3310 488 3353 vero
513 3297 636 3352 constat
655 3288 754 3352 libros
777 3310 796 3352 a
820 3288 976 3372 praedictis
1000 3291 1182 3354 auctoribus
1205 3293 1382 3378 confectos,

259 3391 389 3456 eosdem
405 3413 475 3455 csse·
490 3413 570 3476 quos
584 3391 643 3455 sub
661 3393 790 3455 nomine
808 3394 934 3478 Regum
949 3393 1117 3459 habemus.
1134 3395 1234 3459 Porro
1247 3398 1385 3481 scripto-

259 3513 340 3575 rem,
356 3492 410 3576 qui
427 3513 466 3554 ex
479 3493 580 3555 citatis
596 3493 728 3556 fortasse
744 3493 894 3576 operibus
910 3492 990 3557 duos
1005 3495 1126 3579 priores
1142 3499 1268 3582 Regum
1284 3498 1385 3563 libros

261 3594 484 3679 composuerit,
499 3593 612 3658 Davidi
625 3616 767 3659 coaevum
780 3596 887 3679 fuisse,
896 3618 962 3659 non
973 3597 1132 3662 immerito
1145 3600 1253 3663 forsan
1267 3600 1383 3665 exinde
1397 3616 1400 3620 ·

260 3697 426 3781 collegeris
442 3694 529 3781 quod
550 3694 590 3759 de
615 3694 782 3782 splendido
808 3698 986 3762 Salomonis
1009 3720 1108 3784 regno
1133 3702 1212 3765 nihil
1233 3701 1331 3766 habet
1352 3714 1386 3766 et
1407 3752 1412 3760 .

261 3797 348 3887 quod
363 3800 400 3862 I!
413 3799 485 3883 Rep.
500 3799 556 3880 IV,
574 3799 594 3861 5
609 3808 718 3864 monet
735 3800 924 3881 Berothitas,
951 3801 1040 3863 initio
1056 3804 1146 3886 regni
1164 3802 1305 3887 Davidis,
1325 3804 1386 3867 fu-

260 3903 341 3987 gisse
357 3903 389 3965 in
403 3900 561 3983 Gethaim,
580 3900 687 3987 ibique
704 3900 843 3966 advenas
859 3903 1068 3987 permansisse
1080 3925 1181 3989 usque
1197 3903 1239 3968 ad
1257 3916 1387 3991 tempus

261 4025 325 4090 quo
342 4012 454 4067 auctor
471 4003 644 4068 scribebat.
663 4005 787 4068 Etenim
808 4005 961 4069 credibile
980 4027 1045 4069 non
1064 4015 1109 4070 cst
1126 4007 1303 4072 Berotbitas
1326 4030 1388 4094 per

292 4337 327 4402 (ι)
340 4337 453 4389 isarae
466 4339 550 4401 xxix,
566 4340 607 4404 aa
620 4340 646 4391 a
658 4341 748 4391 rarat.
763 4339 805 4402 tx,
817 4338 857 4392 aa.
