3166 4958
298 319 375 360 rans
386 320 408 361 1.
424 319 517 360 carue
530 319 614 362 xx1v.
633 312 673 360 oe
687 286 839 360 duouucru
855 318 1018 365 proruens
1033 318 1208 361 uincamus.
1257 297 1319 361 185
1422 336 1426 345 ·

179 423 295 498 gastro
308 415 416 499 plures
430 415 524 477 simul
537 422 653 495 servat,
668 434 747 500 quos
760 413 910 497 integros,
922 434 985 478 nou
1000 422 1106 477 tamen
1118 415 1318 496 vivos,etiam

179 527 259 606 post
283 538 409 582 menses
433 517 563 581 evomit.
588 517 730 580 Potuerit
753 517 811 580 ista
835 515 945 581 bellua
969 526 1000 581 et
1022 518 1138 582 Jonarn
1161 516 1318 603 deglutire

180 629 218 684 et
247 623 351 706 ipsum
377 621 494 706 ejicere
520 620 679 705 integrum
710 641 916 706 nequaquam
942 631 1072 704 autem,
1108 631 1142 685 ut
1170 634 1315 707 apparet,

180 724 309 788 vivum.
328 723 639 808 Quomodocumque
653 723 749 807 igitur
761 723 882 786 factum
896 725 1082 809 explicetur,
1100 726 1245 810 specialis
1259 728 1317 790 Dei

181 827 331 910 operatio
352 826 395 889 ibi
419 823 622 911 agnoscenda
647 833 704 908 est,
729 823 816 911 quod
831 823 925 889 docet
942 826 1083 891 Christus
1105 825 1185 891 illud
1200 830 1316 913 appel-

181 926 286 991 lando
304 930 425 1013 signum
440 930 529 991 Jorrae
546 926 710 1011 Prophetae
727 926 788 1013 (l).

233 1031 285 1093 18.
303 1031 467 1110 'Quaeritur‘
491 1031 524 1093 Ξ*
547 1050 694 1116 quanam
715 1030 754 1092 sit
771 1030 826 1093 illa
850 1032 960 1114 planta
981 1032 1032 1096 vcl
1052 1030 1223 1097 arbuscula
1244 1053 1315 1118 quae

182 1135 250 1197 cito
269 1135 367 1198 creuit
382 1142 417 1197 ut
433 1132 475 1198 ab
486 1131 619 1198 ardente
638 1134 704 1197 sole
716 1134 833 1198 Jonam
846 1145 1037 1221 protegeret,
1056 1136 1182 1220 citoque
1198 1158 1217 1199 a
1233 1153 1315 1198 rer-

179 1256 241 1299 me
259 1257 386 1300 corrosa
404 1235 525 1319 periit?

231 1338 283 1407 19
309 1337 490 1402 Arbuscula
509 1340 568 1403 ista
592 1339 625 1402 in
650 1348 738 1403 textu
759 1341 888 1404 hebraeo
912 1349 1043 1404 vocatur
1071 1342 1151 1441 yipp‘
1184 1341 1275 1402 Kitroi
1264 1364 1314 1404 roo

178 1476 243 1520 seu
256 1454 385 1531 Carrion,
397 1464 432 1518 ut
444 1457 656 1543 Hieronymus
667 1446 863 1541 pronuntiat
879 1459 942 1521 Ista
959 1480 1020 1522 vox
1037 1460 1136 1524 semel
1147 1459 1314 1524 dumtaxat

179 1559 219 1621 in
231 1557 400 1642 Scripturis
415 1561 610 1644 reperitur,
602 1582 635 1625 m
647 1561 714 1625 boc
721 1563 841 1626 scilicet
852 1562 940 1625 Jonas
953 1563 1036 1627 loco.
1051 1564 1142 1628 Hanc
1157 1563 1312 1627 arbuscu-

179 1662 252 1724 lam
266 1662 348 1725 LXX
360 1663 564 1747 appellarunt
575 1659 696 1727 zebari
681 1663 741 1741 inv,
752 1664 950 1737 cucurbitam
962 1675 1073 1729 auctor
1086 1668 1200 1729 veteris
1211 1667 1309 1730 Italae.

178 1763 302 1848 Aquila
333 1786 410 1828 vero
443 1774 474 1828 et
504 1765 678 1831 Theodotio
710 1790 806 1830 κισσον
825 1775 1001 1849 verterunt,
1027 1789 1107 1853 quos
1130 1777 1255 1833 secutus
1279 1770 1312 1832 in

176 1865 322 1951 Vulgata
334 1868 545 1953 Hieronymus
559 1868 701 1932 hederam
719 1871 834 1954 posuit.
853 1869 1008 1932 Discimus
1024 1890 1120 1953 porro
1137 1891 1176 1933 ex
1191 1870 1224 1933 S.
1243 1869 1311 1933 Au-

176 1969 308 2054 gustino
331 1969 379 2055 (2)
403 1979 527 2035 tantum
548 1973 720 2036 tumultum
738 1981 887 2036 exortum
907 1993 977 2044 esse,
993 1973 1026 2035 in
1046 1973 1154 2058 aliqua
1177 1974 1311 2038 ecclesia

176 2072 339 2156 africana,
354 2072 463 2138 audita
479 2096 561 2139 nova
575 2074 760 2161 Hieronymi
775 2075 932 2156 versione,
950 2081 986 2136 ut
1001 2083 1167 2159 cogeretur
1182 2076 1309 2159 episco-

174 2197 243 2261 pus
260 2176 424 2262 antiquam
443 2179 683 2243 translationem
703 2198 912 2243 reassumere.

225 2279 279 2342 20.
298 2280 452 2366 Quanam
472 2282 567 2364 igitur
588 2282 697 2367 planta
714 2282 753 2344 sit
770 2283 851 2380 y‘trprp
863 2277 1019 2344 Kilroion?
1034 2280 1133 2344 Docet
1146 2279 1309 2344 Michaelis

175 2417 251 2460 esse
264 2397 402 2460 liic-ioum
415 2397 474 2483 (5)
489 2398 581 2462 Hauc
593 2397 796 2463 arbusculam
810 2401 854 2465 ita
866 2399 1017 2466 describit
1029 2402 1060 2464 S.
1079 2401 1306 2486 Hieronymus:

179 2524 197 2558 a
217 2500 280 2563 Pro
293 2501 469 2583 cucurbita,
485 2502 550 2565 sive
566 2502 702 2585 bodera,
715 2504 747 2566 in
763 2503 891 2569 hebraeo
905 2505 1039 2590 legimus
1053 2504 1173 2568 Cir-cion
1186 2504 1305 2601 (pipp),

176 2640 255 2704 quae
270 2622 365 2684 etiam
378 2622 486 2706 lingua
500 2643 569 2706 syra
583 2632 614 2685 et
627 2624 744 2707 punica
759 2623 858 2688 Ciceio
875 2621 1002 2686 dicitur.
1016 2623 1071 2686 Est
1082 2632 1189 2686 autem
1207 2643 1307 2708 genus

172 2710 321 2807 virgulti,
336 2725 388 2788 vel
400 2723 591 2808 arbusculae,
610 2726 673 2790 lata
686 2726 809 2791 habens
822 2727 911 2808 folia,
926 2727 960 2789 in
972 2724 1106 2789 modum
1118 2728 1267 2811 pampini,
1276 2737 1308 2791 et

173 2824 331 2891 umbram
343 2825 576 2911 densissimam,
588 2851 645 2894 suo
657 2839 771 2895 trunco
784 2852 817 2894 se
829 2830 996 2910 sustinens,
1012 2848 1083 2913 quae
1096 2829 1128 2892 in
1140 2830 1307 2894 Palaestina

174 2928 374 2994 creberrime
386 2931 538 3013 nascitur,
552 2939 583 2994 et
597 2932 738 2997 maxime
754 2933 787 2996 in
801 2932 942 2996 arenosis
954 2931 1032 2994 locis
1048 2953 1056 2993 t
1072 2933 1255 3016 mirumque
1274 2932 1306 2995 in

173 3030 314 3096 modum
327 3034 352 3096 si
364 3043 541 3098 sementem
556 3034 589 3097 in
606 3043 725 3099 terram
735 3034 866 3121 jeceris,
880 3034 942 3097 cito
960 3032 1088 3097 confota
1101 3035 1261 3117 consurgit
1273 3035 1306 3096 in

173 3133 342 3216 arborem,
362 3145 393 3199 et
409 3136 490 3200 intra
503 3158 623 3221 paucos
636 3135 715 3220 dies,
735 3157 835 3223 quam
850 3135 986 3199 herbam
998 3133 1136 3218 videras,
1151 3134 1306 3201 arbuscu-

172 3240 245 3302 lam
260 3238 402 3322 suspicis.
420 3265 435 3300 n
452 3239 603 3320 Quamvis
624 3249 732 3304 autem
747 3249 813 3304 tam
834 3241 901 3310 cito,
910 3246 1033 3302 crescat
1047 3239 1106 3301 ista
1121 3237 1304 3321 arbuscula,

173 3361 244 3403 non
261 3338 387 3403 videtur
404 3348 512 3404 tamen
528 3340 668 3404 subitum
684 3339 764 3404 illud
783 3342 1016 3405 incrementum
1034 3339 1157 3425 absque
1177 3342 1316 3425 speciali.

171 3443 235 3507 Dei
258 3441 461 3527 dispositione
484 3464 576 3527 posse
600 3443 764 3527 explicari.
790 3441 945 3511 «Ciceiou
961 3452 1068 3506 autem
1090 3463 1164 3506 cum
1184 3444 1216 3506 in
1234 3453 1307 3509 ortu

171 3543 282 3608 subito
310 3545 504 3608 miraculum
527 3543 715 3629 prebuerit,
741 3554 772 3608 et
795 3544 970 3629 potentiam
994 3544 1169 3608 ostenderit
1191 3545 1248 3609 Dei
1272 3547 1315 3620 in,

169 3649 373 3734 protectione
386 3648 516 3711 virentis
527 3648 708 3712 umbraculi
722 3657 753 3711 et
765 3657 913 3712 naturam
927 3668 1018 3711 suam
1031 3657 1139 3711 secuta
1153 3658 1200 3711 est
1212 3648 1271 3734 (4).
1287 3675 1302 3711 »

207 3775 244 3838 (l)
259 3774 310 3825 Cir.
325 3775 395 3825 Bible
406 3774 438 3825 de
451 3775 534 3824 Vence
550 3769 600 3838 (e'd.
616 3775 752 3838 Aveuion.)
766 3774 874 3825 Dis-sert.
889 3788 937 3826 sur
954 3775 1034 3825 Jonas
1049 3777 1169 3825 cmmerve'
1186 3776 1253 3824 duna
1270 3775 1305 3824 trs

168 3857 376 3910 entreitlesrt’uu
385 3859 502 3922 peiorem
513 3866 539 3909 et
551 3865 666 3910 nostrum
679 3857 805 3921 opuscul„
816 3859 848 3910 Le
860 3859 983 3924 Propheta
994 3857 1083 3918 lonas,
1096 3857 1217 3916 Lounda,
1230 3858 1301 3907 tart.

207 3939 244 4002 (2)
256 3940 342 4005 Epist.
356 3941 424 3991 iuter
438 3940 633 4002 literorrymiou.
648 3939 702 3991 llll.

206 4021 245 4085 (3)
258 4037 269 4067 r
284 4020 320 4070 Le
330 4020 400 4071 Hicin
413 4034 447 4071 ou
461 4021 485 4070 le
497 4020 596 4077 Palma·
598 4019 701 4081 Christi,
712 4021 796 4084 plante
809 4022 841 4071 de
855 4021 877 4071 la
890 4021 982 4091 familie
992 4020 1037 4070 des
1053 4017 1257 4082 euphorbiacies,
1269 3976 1303 4069 'de

169 4103 285 4167 laquelle
305 4115 337 4152 on
352 4102 446 4165 extruit
467 4114 518 4152 une
532 4101 600 4151 huile
616 4101 746 4166 employee
767 4116 799 4152 eu
818 4101 949 4153 medecina
969 4114 1066 4153 comme
1081 4098 1199 4165 purgatis.
1222 4118 1234 4148 r
1254 4101 1311 4166 Ap„
1366 4148 1369 4153 ⁴

170 4184 303 4234 Michaelis
316 4186 443 4249 supplem.
459 4182 534 4234 nere.
552 4182 622 4234 ltebr.
637 4185 669 4235 ad
682 4185 708 4235 b.
723 4198 747 4234 v.
765 4185 853 4235 Sermo
867 4185 970 4245 latinus,
986 4184 1071 4247 inquit
1085 4183 1113 4235 S.
1128 4182 1240 4246 Hieron,
1253 4196 1303 4235 non

169 4265 251 4317 haber
263 4265 326 4316 bauo
336 4263 446 4328 spectem
458 4263 564 4326 arboris,
581 4276 657 4327 quam
671 4264 767 4316 ltebraei
780 4264 883 4316 ciceion
892 4271 988 4316 vomat.

203 4336 243 4410 (l)
255 4343 293 4395 lta
304 4346 330 4397 S.
345 4344 447 4395 Hieron.
459 4343 492 4395 lo
502 4344 561 4397 loa.
577 4342 619 4406 lv,
630 4342 655 4396 6.
