3168 4948
249 279 314 344 536
474 300 675 345 rnrconncrro
691 271 839 344 srrrranrs
859 303 889 343 rn
907 301 933 344 s.
948 280 1149 346 scarrrnnan.

251 422 284 464 se
309 400 365 465 illa
386 423 425 465 ex
441 401 606 489 Scriptura
626 401 809 487 sumpsisse,
835 403 888 466 vel
911 402 1099 486 simpliciter
1120 399 1259 468 dicendo
1284 423 1318 468 se
1342 424 1382 468 ex

250 502 413 589 Scriptura
431 504 482 568 vel
496 525 535 568 ex
550 504 704 589 Apostolo
716 504 772 567 illa
788 505 898 568 citare.

295 607 348 670 15.
370 606 404 671 S.
423 607 562 670 Irenrens
574 607 675 670 multa
692 627 732 669 ex
743 605 891 690 Epistolis
902 606 1045 671 Paulinis
1060 608 1241 672 testimonia
1262 607 1385 672 verho-

251 718 343 772 tenus
354 710 478 773 reeitat.
493 710 650 794 Epistolas
662 709 807 772 nominat
818 707 906 773 unde
920 709 1020 774 verba
1037 709 1238 796 deprompsit
1252 731 1386 775 eomm-

252 833 316 897 que
351 822 516 876 auctorem
549 812 687 876 Paulum
712 813 863 877 continuo
887 811 1049 895 affirmat,
1074 813 1139 876 imo
1163 816 1332 900 impugnat
1354 824 1386 878 et

251 915 369 979 refellit
380 915 547 980 Ebionaeos
564 913 652 1001 quod
667 914 805 978 Paulum
827 935 891 978 non
916 914 1108 1000 reciperent,
1134 925 1166 980 et
1189 917 1387 981 Marcionem

251 1017 340 1102 ‹prod
363 1039 460 1082 ansus
483 1018 580 1081 fuerit
608 1015 673 1080 divi
697 1016 841 1101 Apostoli
865 1017 1022 1101 Epistolas
1044 1016 1226 1082 decurtare.
1251 1019 1387 1104 Insuper

188 1130 191 1134 '
252 1121 363 1185 asserit
377 1120 598 1205 Apostoluma
616 1139 823 1205 quocumque
839 1141 949 1183 errore
967 1130 999 1184 et
1019 1120 1188 1185 mendacio
1206 1122 1387 1186 immunem

251 1244 331 1305 esse,
344 1244 383 1287 ao
395 1223 580 1308 frequenter
590 1221 775 1306 hyperbolis
785 1223 831 1285 uti
845 1231 975 1307 propter
984 1221 1185 1287 velocitatem
1198 1245 1385 1288 sermonum

251 1345 395 1408 suorum,
416 1334 448 1389 ct
467 1334 598 1410 propter
616 1325 772 1409 impetum
788 1324 922 1408 Spiritus
944 1326 1045 1389 sancti
1059 1326 1160 1410 quiin
1177 1347 1215 1390 co
1229 1326 1386 1390 erath'na

251 1428 420 1493 dumtaxat
433 1429 525 1492 Pauli
542 1428 682 1513 Epistola
695 1426 738 1491 ab
756 1448 794 1491 eo
808 1448 872 1491 non
885 1437 1095 1512 memoratur,
1110 1430 1165 1492 illa
1178 1430 1298 1494 scilicet
1313 1451 1386 1514 qnae

253 1530 295 1595 ad
308 1531 530 1595 Philemonem
543 1531 619 1594 data
634 1531 705 1594 init.
723 1530 802 1593 Eam
815 1539 924 1594 tamen
936 1530 969 1595 S.
984 1532 1104 1596 Doctor
1115 1553 1180 1596 non
1192 1531 1314 1618 abjicit,
1329 1530 1386 1596 sed

254 1635 330 1719 qnia
343 1635 399 1697 ista
413 1635 553 1718 Epistola
566 1632 695 1697 brevior
711 1643 758 1696 est
770 1642 801 1696 et
819 1631 861 1696 de
876 1631 1027 1717 dogmate
1043 1655 1108 1697 non
1125 1634 1201 1718 agit,
1216 1633 1249 1697 S.
1267 1635 1388 1699 Doctor

254 1745 366 1800 nactus
383 1758 448 1801 non
468 1745 515 1800 est
530 1736 730 1801 occasionem
747 1733 870 1820 aliquid
887 1756 925 1799 ex
938 1756 976 1800 ea
994 1735 1149 1800 recitandi
1163 1736 1223 1822 (1).
1239 1735 1289 1800 Ad
1306 1737 1387 1821 Epi-

254 1840 369 1903 stolam
384 1839 425 1901 ad
447 1839 589 1902 Hebraeos
611 1837 773 1900 interdum
789 1836 915 1919 alludit,
939 1858 999 1902 nec
1019 1838 1086 1923 ipsa
1106 1849 1227 1920 tamen,
1246 1860 1306 1904 nce
1323 1861 1388 1903 au-

256 1951 342 2005 ctore
356 1939 425 2026 ejus
437 1941 626 2004 nominatim
640 1941 753 2004 citatis.
767 1937 842 2005 Vid.
855 1939 911 2003 lib.
928 1941 970 2022 ΙΙ,
983 1941 1085 2025 XXX,
1100 1942 1133 2024 93
1145 1941 1203 2005 lih.
1217 1942 1273 2024 lll,
1283 1943 1341 2023 Xl,
1352 1942 1385 2004 i.
1447 2022 1453 2026 .

301 2044 355 2107 ll.
373 2044 587 2107 Tertullianus
601 2064 666 2107 non
684 2044 788 2107 solum
807 2043 994 2129 frequenter
1016 2045 1049 2107 in
1071 2045 1136 2107 suis
1155 2045 1293 2129 scriptis,
1312 2043 1389 2108 data

258 2147 437 2226 occasione,
453 2145 570 2229 allegat
584 2144 675 2208 Pauli
689 2146 856 2230 Epistolas,
869 2143 927 2208 sed
941 2135 1053 2209 coium
1070 2146 1291 2210 auctoritatem
1307 2156 1389 2210 stre-

260 2271 323 2314 nue
338 2247 491 2313 vindicat.-
512 2272 526 2308 «
547 2250 584 2312 ln
600 2268 738 2329 summa,
759 2248 863 2333 inquit
887 2245 1041 2313 adversus
1065 2250 1261 2314 Marcionem
1284 2251 1333 2336 (ἲ)
1363 2252 1389 2313 si

259 2361 382 2417 constat
394 2352 427 2416 id
442 2351 548 2415 verius
561 2346 648 2435 quod
662 2351 762 2435 prius,
775 2349 810 2413 id
824 2352 911 2436 prius
924 2349 1012 2436 quod
1025 2351 1068 2415 ab
1083 2352 1184 2435 initio,
1198 2351 1232 2416 id
1245 2353 1290 2417 ab
1299 2352 1389 2416 initio

260 2453 348 2540 quod
360 2454 404 2518 ab
415 2453 574 2538 Apostolis
590 2474 598 2514 ε
617 2452 736 2537 pariter
750 2452 862 2537 utique
879 2451 1046 2535 constabit,
1062 2450 1095 2516 id
1107 2474 1176 2517 esse
1193 2452 1235 2517 ab
1247 2453 1390 2538 Aposto-

261 2557 299 2619 lis
317 2554 481 2637 traditum,
499 2553 586 2641 quod
603 2552 690 2639 apud
703 2555 853 2618 ecclesias
868 2553 1095 2639 Apostolorum
1112 2556 1207 2620 fuerit
1218 2577 1390 2619 sacrosan-

151 2648 154 2655 ’
260 2669 359 2722 ctum.
375 2655 549 2722 Videamus
563 2654 652 2741 qnod
664 2658 715 2720 lac
727 2678 746 2720 a
760 2657 861 2722 Paulo
874 2656 1026 2723 Corinthii
1043 2658 1218 2742 hauserint;
1234 2656 1388 2743 adquam

259 2763 405 2846 regulam
421 2759 540 2824 Galata
556 2760 618 2823 sint
633 2761 766 2824 correcti
780 2784 788 2842 3
808 2759 886 2846 qnid
908 2761 1016 2845 legant
1037 2762 1269 2846 Philippenses,
1287 2761 1390 2825 Thes-

260 2863 484 2945 salonicenses,
502 2862 641 2947 Ephesii,
661 2859 737 2946 quid
753 2862 849 2924 etiam
861 2863 1001 2925 Romani
1016 2861 1058 2926 de
1071 2863 1217 2948 proximo
1229 2873 1353 2928 sonent.
1372 2890 1387 2925 r>

260 2968 356 3031 Totus
373 2975 480 3029 autem
496 2972 542 3028 est
557 2965 590 3028 iu
606 2963 690 3028 libro
714 2964 825 3049 quinto
842 2965 984 3028 adnerotes
1005 2967 1198 3039 Marcionem,
1222 2975 1257 3033 ut
1274 2965 1391 3050 probet

260 3071 347 3134 hunc
363 3068 549 3132 haereticum
564 3067 720 3150 Epistulas
736 3065 826 3128 Pauli
848 3064 890 3129 ad
914 3067 1090 3151 Romanos,
1112 3067 1301 3150 Corinthios,
1321 3067 1390 3132 Ga-

261 3176 353 3256 latas,
378 3172 544 3258 Ephesios,
568 3171 800 3254 Philippenses,
820 3160 1020 3234 Colossenses
1043 3180 1074 3234 ct
1095 3171 1391 3235 Thessalonicenses

260 3274 487 3356 decurtavisse,
511 3292 687 3357 earumque
703 3271 848 3335 ordinem
866 3271 1054 3337 turbavisse.
1076 3275 1203 3360 Exque
1221 3283 1308 3358 patet
1318 3273 1391 3359 jam

261 3390 337 3443 tunc
365 3377 579 3462 Epistolarum
601 3375 693 3438 Pauli
721 3375 817 3438 fuisse
842 3376 983 3460 aliquem
1008 3376 1154 3440 ordinem
1179 3377 1392 3440 communiter

262 3490 438 3565 receptum.
459 3478 566 3559 Quum
586 3487 694 3541 autem
721 3477 878 3541 adfinem
904 3478 976 3541 libri
1001 3479 1147 3563 pervenit
1165 3478 1390 3561 Tertullianus,

263 3586 308 3647 sic
325 3583 468 3667 loquitur
486 3578 526 3643 de
541 3580 682 3664 Epistola
703 3578 743 3642 ad
762 3579 1009 3643 Philemonem:
1032 3603 1046 3638 a
1068 3580 1133 3643 Soli
1153 3579 1229 3667 huic
1243 3580 1392 3663 Epistolae

263 3688 402 3752 brevitas
431 3705 486 3747 sua
512 3683 643 3768 proluit,
668 3690 704 3744 nt
727 3681 872 3745 falsarias
896 3702 1010 3745 manus
1034 3683 1204 3747 Marcionis
1227 3679 1389 3747 evaderet.

265 3794 363 3858 Miror
378 3800 499 3871 tamen,
517 3806 591 3850 cum
608 3783 650 3848 ad
665 3804 766 3848 unum
782 3784 946 3848 hominem
969 3786 1088 3848 litteras
1103 3785 1204 3848 lactas
1221 3784 1390 3869 receperit,

297 4094 333 4155 (l)
348 4089 426 4140 Multo
436 4101 467 4138 ex
479 4085 600 4149 Epistolis
613 4085 683 4135 Pauli
700 4083 795 4148 profert
806 4084 915 4135 lrcnaeu's
930 4084 1133 4149 insequentibus
1145 4086 1205 4137 locis
1218 4086 1279 4137 :lib
1292 4085 1335 4147 lll,
1351 4086 1392 4160 vl,

263 4182 287 4239 53
299 4175 351 4236 Vll,
364 4170 419 4234 ¹³3
433 4170 485 4230 ΧΠ,
500 4168 570 4229 ¹4¹3
586 4166 650 4229 llll,
664 4168 716 4230 1·5;
727 4167 779 4229 XV,
798 4164 883 4227 XVlll,
899 4167 951 4228 1-4,
969 4172 996 4217 et
1014 4168 1105 4231 saepius
1123 4167 1148 4217 in
1166 4167 1209 4218 un.
1229 4166 1260 4218 lV
1275 4168 1333 4218 etv
1348 4168 1393 4218 uhi

264 4259 359 4313 refellit
369 4252 537 4306 Marcionitas.

211 4338 213 4343 ’
296 4342 330 4403 (⁹2)
342 4340 451 4391 Arvas.
467 4332 596 4385 Marcion.
612 4331 654 4393 lv,
669 4333 694 4392 5,
707 4329 759 4380 Cir.
772 4329 809 4381 [a
818 4330 968 4397 praescript.
988 4330 1029 4382 56.
