3168 4948
340 285 414 328 PARS
429 287 464 329 11.
483 286 577 328 castr
591 288 622 330 V.
639 287 677 328 DE
688 286 921 338 QUATUORDECIH
935 288 960 331 S.
977 289 1065 332 raum
1080 291 1240 333 aristeus.
1299 270 1363 333 559

227 383 300 460 esti
317 409 332 444 »
350 385 450 448 Recte
464 385 559 470 igitur
574 386 704 470 plurimi
717 388 964 451 Protestantium
977 409 1089 452 ornnes
1101 390 1192 452 Pauli
1205 389 1362 474 Epistolas

228 497 339 552 contra
356 488 583 552 Rationalistas
599 488 764 554 vindicant
779 490 839 576 (l).

487 705 544 772 IV.
570 708 616 770 De
634 707 775 793 Epistola
797 707 837 771 od
860 709 1012 774 Roruooos
1036 710 1096 797 (ἓ).
1241 782 1249 794 θ
1392 590 1554 752 “aaa

411 801 448 930 d
1298 926 1305 940 .

272 926 303 989 l.
315 898 482 1019 [Quamvis
503 924 590 990 haud
613 924 809 1011 impossihile
832 927 870 990 sit
890 924 988 989 fidem
1017 926 1131 992 Christi
1161 929 1272 991 Romae
1290 949 1361 1013 Jam

227 1029 324 1092 luisse
347 1029 570 1092 annuntiatam
593 1027 636 1092 ab
655 1029 778 1092 advenis
798 1029 860 1093 illis
877 1029 1044 1111 Romanis,
1063 1030 1119 1114 qui
1142 1029 1359 1116 lerosolymis,

227 1132 259 1194 in
273 1130 326 1196 die
340 1131 502 1196 effusionis
518 1131 653 1216 Spiritus
666 1132 767 1195 sancti
782 1132 815 1195 in
828 1131 1011 1217 Apostolos,
1028 1130 1219 1198 audiverant
1230 1134 1360 1197 Petrum
1429 1142 1439 1153 ¹

227 1232 466 1318 praedieautem,
481 1244 589 1298 tamen
607 1235 748 1298 eeclesiae
760 1237 915 1299 Romanae
929 1235 1160 1319 plantationem
1179 1257 1235 1299 seu
1248 1234 1361 1300 lunda-

226 1339 345 1402 tionem
368 1339 462 1401 Petro
486 1336 672 1402 adscribunt
695 1339 905 1423 antiquissimi
929 1339 1099 1422 scriptores
1114 1312 1184 1424 ,sut
1206 1340 1357 1423 Ireaaeus,

226 1441 404 1526 Dionysius,
427 1440 664 1505 Corinthiorum
684 1440 863 1524 episcopm,
884 1449 915 1504 et
934 1439 1027 1503 Caius
1045 1438 1190 1526 ejusdem
1206 1443 1360 1526 temporis

227 1541 361 1626 scriptor
377 1540 437 1626 (5).
456 1541 546 1604 Unus
559 1539 708 1604 audiatur
721 1539 851 1604 Orosius
864 1539 913 1626 (4)
934 1563 942 1603 t
966 1564 980 1599 a
1003 1538 1165 1625 Claudius,
1186 1542 1300 1627 inquit,
1317 1541 1360 1606 ab

227 1643 370 1728 Augusto
388 1653 521 1728 quartus
545 1662 681 1727 regnum
705 1640 840 1727 adeptus
857 1651 914 1725 est,
938 1642 1118 1728 mansitque
1143 1643 1175 1706 in
1200 1664 1238 1706 co
1258 1665 1360 1707 aunos

228 1743 483 1830 quatuordecim.
501 1743 641 1808 Exordio
657 1744 747 1829 regni
760 1743 829 1830 ejus
842 1743 899 1830 (5)
909 1745 1034 1827 Petrus,
1051 1745 1214 1829 apostolus
1232 1746 1359 1808 Domini

227 1849 324 1911 nostri
344 1848 420 1912 lesu
433 1848 558 1930 Christi,
581 1850 720 1912 Romam
733 1848 830 1929 venit,
851 1856 882 1910 et
898 1847 1069 1910 salutarem
1087 1848 1208 1911 cunctis
1224 1846 1359 1911 creden-

226 1951 311 2014 tibus
323 1948 420 2013 fidem
433 1948 519 2012 fideli
535 1949 636 2014 verbo
649 1947 769 2027 docuit,
785 1950 1072 2034 potentissimisque
1086 1949 1197 2034 virtuti
1219 1971 1256 2012 us
1269 1972 1358 2014 eom-

226 2052 388 2138 probavit;
401 2051 516 2116 exinde
532 2053 695 2117 christiani
707 2054 819 2116 Romae
831 2073 899 2116 esse
912 2036 1117 2146 coeperunt.)
1130 2052 1203 2136 Aliq
1250 2053 1360 2116 Patres

226 2154 375 2218 videntur
387 2155 487 2218 Paulo
504 2176 593 2239 aeque
613 2176 651 2218 ac
667 2155 762 2218 Petro
776 2154 916 2219 tribuere
935 2154 1076 2218 eeclesiae
1091 2156 1246 2218 Romana
1265 2155 1358 2239 plan-

227 2258 394 2341 tationem,
414 2256 526 2321 sedita
542 2255 739 2342 intelligendi
757 2266 840 2338 sunt,
863 2266 899 2321 ut
915 2265 1057 2320 asserant
1072 2256 1209 2319 Paulum
1220 2256 1358 2343 ⁴quidem

200 2352 207 2357 ⁵
230 2380 362 2444 operam
383 2360 553 2423 contulisse
571 2369 606 2423 ut
626 2367 820 2444 propagaret
835 2357 933 2422 fidem
949 2358 1062 2423 Christi
1083 2358 1165 2421 inter
1182 2361 1357 2440 Romanos,

185 2457 191 2467 '
229 2484 295 2525 non
311 2472 418 2526 tamen
432 2463 543 2547 primae
560 2462 763 2546 plantationis
779 2472 942 2526 auctorem
963 2482 1042 2543 esse,
1061 2457 1117 2523 sed
1132 2461 1360 2526 allaboravisse

262 2666 297 2730 (1)
311 2665 437 2715 Audiatur
453 2662 583 2724 Cellirier,
602 2664 647 2725 (tte
664 2663 780 2729 l'oripioe
797 2661 962 2726 outlreatiqtt¹
980 2666 1003 2715 rt
1019 2663 1106 2714 divino
1122 2663 1157 2712 du
1170 2663 1204 2713 Ν.
1221 2664 1247 2714 l’.
1260 2664 1359 2715 Geneve

230 2744 311 2811 1829).
326 2762 337 2792 1
352 2746 400 2796 Les
410 2746 490 2796 treize
504 2744 642 2807 premieres
654 2744 749 2807 epitres
760 2744 791 2793 de
804 2743 870 2792 saint
881 2743 953 2804 Paul,
969 2744 992 2793 la
1007 2744 1132 2806 premiere
1147 2746 1179 2795 de
1190 2747 1216 2795 S.
1233 2745 1302 2808 leaa,
1315 2754 1360 2797 out

230 2841 293 2891 pour
307 2829 368 2878 elles
381 2829 418 2878 tes
434 2840 542 2890 preuves
559 2826 713 2889 historiques
724 2826 761 2876 les
773 2826 830 2888 plus
845 2825 922 2875 sortes
934 2825 1010 2887 qu'ou
1029 2826 1114 2887 puisse
1127 2825 1232 2876 desirer.
1252 2827 1286 2877 La
1301 2829 1359 2890 plu-

228 2917 284 2974 part
295 2910 394 2960 avaient
408 2922 440 2959 en
453 2909 609 2971 particulier,
624 2921 656 2958 au
673 2913 787 2958 moment
798 2906 830 2956 dc
843 2906 864 2956 la
879 2904 1014 2957 formation
1032 2906 1161 2957 definitive
1177 2909 1212 2957 du
1229 2921 1317 2969 canoa,
1336 2909 1358 2959 ta

228 2993 348 3043 tradition
362 2997 493 3042 constante
506 2992 550 3041 des
561 2991 652 3054 eglises
664 2991 783 3053 speciales
797 2990 946 3052 auxquettes
958 2990 1018 3039 elles
1028 2989 1127 3040 avaient
1141 2989 1183 3040 ete
1193 2991 1359 3042 directement

228 3074 366 3140 adressees.
382 3074 496 3124 Lardner
512 3073 576 3123 croit
592 3086 644 3135 que
663 3073 724 3123 dans
737 3073 775 3122 les
792 3077 874 3122 restes
890 3072 935 3122 des
951 3083 1076 3134 ouvrages
1092 3073 1123 3122 de
1138 3071 1203 3122 saint
1218 3070 1315 3134 Irene'e,
1327 3074 1359 3124 de

229 3157 345 3206 clement
355 3154 530 3206 d'hlexaudrie
542 3163 568 3204 et
583 3156 615 3205 de
631 3154 772 3205 Tertullien
788 3153 940 3214 seulement,
956 3167 988 3203 on
1006 3159 1094 3204 trouve
1112 3154 1156 3204 des
1172 3154 1287 3204 citatious
1302 3155 1359 3217 plus

228 3237 391 3288 nombreuses
404 3245 429 3286 et
445 3237 502 3298 plus
519 3236 643 3287 etendues
660 3236 695 3285 du
713 3235 777 3298 petit
793 3236 893 3297 volume
912 3234 1014 3285 nomme
1028 3235 1052 3284 le
1068 3236 1186 3285 Nouveau
1202 3235 1357 3299 testantem,

227 3319 304 3383 qu’on
317 3319 375 3368 n'ea
390 3317 503 3380 pourrait
512 3327 617 3368 trouver
638 3318 670 3368 de
684 3325 741 3368 tous
755 3317 793 3366 les
806 3329 929 3379 ouvrages
942 3317 975 3366 de
987 3316 1093 3367 Giee'rou
1108 3317 1218 3380 pendant
1232 3318 1359 3380 plusieurs

226 3402 324 3461 sidetes,
337 3406 363 3450 et
376 3401 437 3450 daus
449 3401 485 3449 tes
501 3399 578 3450 e'crlts
593 3400 625 3450 de
639 3404 696 3449 tout
709 3411 795 3461 genre.
810 3399 860 3448 Les
878 3398 973 3461 epitres
987 3399 1019 3449 tle
1037 3401 1062 3450 S.
1077 3400 1139 3450 Paul
1154 3395 1186 3450 e'n
1202 3400 1358 3463 particulier,

228 3490 285 3534 sont
296 3482 375 3533 cite'es
385 3495 419 3532 ou
433 3481 567 3544 indiquees
579 3481 641 3530 dans
654 3493 764 3543 presque
781 3488 838 3530 tous
852 3481 888 3530 les
907 3479 983 3531 ecrits
1000 3482 1045 3532 des
1059 3481 1172 3532 hommes
1190 3485 1360 3548 apostoliques

228 3572 254 3614 et
265 3566 308 3614 des
322 3565 440 3614 docteurs
456 3563 583 3613 cliretiens
604 3564 636 3612 tle
659 3563 681 3610 la
701 3561 1106 3624 311111ῐί1111111115111111.
1123 3564 1167 3614 S'il
1185 3578 1199 3627 y
1216 3579 1230 3614 a
1247 3566 1359 3629 quelque

228 3649 303 3696 chose
317 3645 552 3707 d'historiqaement
569 3643 664 3707 proava
678 3657 722 3693 sur
737 3643 760 3692 le
770 3644 891 3692 Nouveau
901 3643 1058 3705 Testameut,
1072 3645 1132 3694 e'est
1145 3659 1196 3708 que
1206 3659 1248 3696 ces
1259 3646 1360 3707 Epitres

228 3729 273 3778 iles
283 3729 306 3778 te
321 3731 356 3778 ler
369 3727 454 3786 siecle,
467 3727 560 3776 etaient
575 3727 629 3776 lues
643 3726 706 3776 dans
724 3726 746 3774 le
762 3725 831 3774 culte
847 3725 933 3786 puhlie
947 3739 1044 3776 comare
1061 3741 1170 3790 ouvrage
1187 3727 1219 3777 de
1233 3729 1259 3778 S.
1276 3729 1336 3779 Paul
1349 3745 1357 3791 3

228 3817 254 3859 et
268 3809 315 3858 t'on
329 3821 361 3857 nc
376 3814 438 3869 peut
447 3806 585 3860 ,de'eouvrir
598 3811 672 3856 avant
688 3805 831 3867 l'approche
845 3806 880 3855 du
897 3806 929 3856 Vs
948 3806 1024 3856 siecle
1041 3820 1140 3858 aucune
1159 3808 1279 3858 tentative
1294 3822 1359 3871 pour

227 3907 258 3943 eu
271 3903 393 3955 supposer
407 3891 519 3942 d'autres
534 3903 596 3940 sous
608 3903 653 3939 son
664 3902 732 3939 noan.
748 3905 759 3936 s

260 3976 296 4039 (i)
309 3975 359 4025 Cir.
374 3977 475 4035 Beelen,
489 3975 631 4025 Commeat.
641 3975 669 4023 itt
681 3973 766 4037 Epist.
777 3972 813 4022 od
824 3972 896 4022 Rom.
908 3973 969 4022 Lov.
984 3973 1056 4022 1851.

259 4059 294 4121 (5)
305 4058 425 4117 lrenaeus,
440 4057 539 4107 Contra
549 4055 613 4106 tor.
624 4054 667 4117 111,
680 4056 703 4118 1;
720 4053 854 4117 Dionysius
866 4060 892 4104 et
902 4053 978 4105 Caius
990 4068 1030 4118 ap.
1046 4054 1129 4107 Euseb
1143 4091 1150 4117 ,
1163 4054 1230 4108 Hist.
1244 4056 1313 4108 Boot.
1325 4054 1357 4124 ll,

227 4142 268 4204 ἓὸς
284 4141 329 4193 eir.
343 4142 404 4192 ibid.
420 4139 451 4201 ll,
468 4139 555 4190 tito.

260 4224 295 4289 (1)
307 4225 406 4275 illator.
424 4223 469 4273 lili.
481 4221 533 4283 Vll,
545 4233 568 4273 o.
582 4221 606 4271 6.

260 4305 296 4370 (ὅ)
311 4305 384 4359 Anno
395 4305 506 4355 seeundo
519 4302 626 4366 Claudii,
638 4310 786 4357 attestatur
797 4294 973 4367 Hieronymus,
987 4303 1022 4355 De
1037 4302 1088 4356 vir.
1100 4305 1139 4356 itt.
1154 4304 1180 4356 1.
