3134 4934
253 297 320 360 570
486 315 688 359 turnooocrro
704 315 852 358 serenus
868 317 901 358 rn
917 315 943 359 s.
962 317 1164 362 scnrrrunau.

253 433 355 475 omnm
379 410 456 474 barre
481 412 517 474 de
545 434 579 475 eo
605 414 784 476 sententiam
807 411 944 476 babuisse
967 416 1153 480 assernit...
1180 414 1251 477 Suae
1274 421 1384 477 autom

253 515 446 578 accusationi
460 513 598 600 (Ariani)
610 516 696 580 hunc
708 525 896 600 praetextum
909 515 1058 599 afferunt,
1070 516 1159 602 quod
1171 518 1384 602 apostolicum

253 637 372 680 nomen
390 639 454 680 non
472 618 511 680 sit
529 617 673 681 similiter
690 619 828 702 positum
845 620 876 681 in
893 620 1061 703 prooemio.
1083 615 1259 705 Oportebat
1275 630 1385 684 autern

252 719 324 782 illos
346 717 560 800 considerare,
585 716 697 783 corum
722 720 777 804 qui
801 720 1022 804 exgentibus,
1045 742 1109 784 nou
1129 743 1241 785 eorum
1264 722 1320 807 qui
1345 744 1386 785 ex

252 817 371 882 ludaeis
393 817 609 903 crediderunt,
636 821 961 884 constitutumsfuisse
985 820 1231 906 Apostolum...
1257 820 1384 887 Idcirco

253 941 326 984 curn
350 921 504 986 scriberet
526 920 566 984 ad
590 943 645 985 eos
669 922 724 1007 qui
749 921 954 986 crediderunt
976 945 1014 986 ex
1036 924 1196 1008 gentibus,
1216 934 1247 988 et
1264 946 1384 988 nornen

251 1022 369 1108 adjecit
387 1033 417 1086 ct
429 1024 637 1108 apostolicam
654 1024 841 1108 dIgnitatcm
853 1024 988 1109 addidit,
998 1030 1042 1089 'ul
1056 1025 1169 1091 doctor
1181 1038 1212 1090 ct
1232 1028 1385 1112 magister

251 1124 393 1188 scribens
410 1123 450 1188 ad
473 1123 656 1210 discipulos.
676 1124 728 1188 Ad
755 1125 909 1190 Hebraeos
934 1137 1042 1191 autom
1066 1128 1220 1211 scribens,
1243 1150 1384 1215 quorum

252 1250 316 1291 non
332 1237 401 1292 erat
417 1229 476 1292 sibi
495 1250 572 1292 cura
588 1227 784 1313 concredita,
799 1230 912 1293 morito
929 1229 1050 1294 nudam
1067 1229 1243 1294 honoribus
1258 1229 1383 1295 doctri-

252 1352 328 1394 nam
349 1333 393 1396 eis
418 1330 560 1396 tradidit.
590 1332 737 1396 Aliorum
755 1335 841 1396 enim
858 1334 1086 1418 Apostolorum
1111 1355 1194 1398 curae
1214 1334 1380 1401 suberant.

252 1432 346 1514 Quod
369 1444 475 1498 autem
500 1435 655 1520 spirituali
668 1435 769 1521 gratia
785 1436 882 1521 plena
897 1437 935 1500 sit
952 1436 1104 1521 Epistola,
1123 1446 1155 1500 et
1171 1437 1292 1500 nullam
1307 1457 1383 1500 om-

252 1537 328 1600 nino
348 1537 490 1623 praebeat
517 1538 684 1602 calumniae
708 1539 921 1621 occasionem,
944 1539 1144 1623 singulorum
1161 1539 1381 1624 interpretatio

253 1639 381 1704 docebit
394 1642 588 1725 apertius...
607 1641 737 1726 Scripsit
750 1652 858 1706 autem
873 1663 945 1706 earn
960 1643 1069 1727 lingua
1086 1641 1249 1706 hebraica.
1263 1642 1383 1705 Ferunt

253 1752 360 1807 autem
376 1744 572 1808 Clementem
585 1765 657 1808 cam
672 1766 774 1829 graece
788 1747 1032 1837 interpretatum
1047 1767 1126 1809 esse.
1147 1772 1162 1806 »

297 1851 349 1912 ll.
366 1849 513 1913 Ecclesiae
527 1862 637 1933 graecae
654 1857 830 1913 consonant
845 1869 956 1913 omnes
976 1849 1113 1912 Orientis
1131 1848 1283 1913 ecclesiae.
1301 1850 1383 1934 Epi-

254 1954 333 2015 stola
351 1952 391 2014 ad
407 1952 548 2015 Hebreeos
563 1951 675 2015 ceteris
689 1952 780 2015 Pauli
799 1951 945 2036 Epistolis
968 1951 1172 2036 conjungitur
1191 1951 1382 2017 inversione

253 2055 373 2140 syriaca
394 2054 536 2139 Simplici
565 2062 595 2116 ct
623 2055 780 2138 allegatur
805 2055 873 2118 aS.
895 2054 1065 2139 Ephraemo
1088 2063 1118 2117 et
1146 2064 1219 2118 ante
1244 2075 1319 2117 eum
1338 2053 1382 2117 ab

253 2157 428 2242 Apliraalc,
448 2158 503 2243 qui
519 2178 591 2221 cam
605 2158 725 2242 pluries
740 2156 800 2220 sub
814 2159 943 2221 nomine
960 2157 1104 2242 Apostoli
1122 2158 1263 2242 allegat(
1287 2157 1312 2243 ).

298 2262 350 2324 12.
360 2262 396 2324 ln
409 2262 541 2325 ecclesia
556 2262 660 2340 latina,
667 2260 800 2346 quidam
813 2260 999 2325 dubitarunt
1013 2259 1068 2324 sed
1082 2261 1187 2345 potius
1199 2251 1239 2324 dc
1251 2269 1386 2325 auctore

253 2384 352 2448 quarn
370 2362 410 2426 de
435 2362 599 2428 divinitate
615 2364 786 2448 Epistola:
806 2363 1054 2450 Antiquissimus
1073 2364 1214 2427 ecclcsiae
1227 2365 1383 2427 Romanae

254 2466 398 2549 scriptor,
424 2466 456 2529 S.
483 2466 640 2549 Glemona,
665 2467 715 2528 vir
738 2466 942 2550 apostolicus,
967 2466 999 2528 in
1024 2465 1128 2549 prima
1144 2462 1186 2529 ad
1203 2464 1384 2528 Corinthios

254 2568 561 2654 Epistola,quamvis
577 2591 642 2632 non
655 2571 798 2633 nominet
815 2578 992 2652 auctorem,
1001 2568 1176 2652 Epistolam
1189 2569 1229 2630 ad
1241 2568 1383 2632 Hebenus

150 2736 153 2741 ‚
253 2670 423 2754 Scripturis
438 2680 585 2734 accenset
599 2679 629 2734 et
645 2672 738 2756 plura
752 2694 791 2735 cx
804 2693 842 2735 ea
859 2670 1050 2735 verbotenus
1062 2670 1174 2733 recitat
1188 2669 1248 2755 (2).

297 2773 351 2838 15.
383 2775 521 2838 Irenaeus
548 2775 582 2837 in
611 2774 699 2838 libris
729 2773 845 2839 Contra
870 2773 995 2836 hereses
1020 2770 1136 2836 diserte
1166 2770 1297 2858 quidem
1315 2794 1383 2836 non

254 2877 398 2940 nominat
413 2877 587 2961 Epistulam
605 2878 645 2940 ed
659 2877 811 2951 Hebraens,
838 2875 999 2939 interdum
1019 2885 1127 2940 tamen
1144 2874 1185 2938 ad
1204 2896 1275 2939 eam
1293 2877 1382 2939 allu-

253 2979 331 3043 dere
348 2977 485 3044 videtur.
504 2978 603 3043 Addit
616 2978 770 3043 Eusebius
783 2977 831 3065 (5)
848 3001 881 3041 r«
901 2977 1048 3042 Ceterum
1064 2985 1180 3062 praeter
1196 2975 1382 3061 supradicta

253 3083 364 3147 lrcnaei
378 3103 476 3167 opera
489 3083 691 3169 etEpistolas,
704 3090 804 3145 exstat
812 3080 939 3144 libellus
952 3081 986 3145 V
983 3082 1118 3142 mierum
1128 3079 1380 3163 disputationum,

253 3184 286 3247 iu
307 3206 371 3270 quo
391 3184 538 3269 Epistolae
555 3185 595 3247 ad
612 3184 751 3247 Hebraeos
767 3192 798 3247 ei
811 3183 977 3266 Sapientiae
990 3180 1161 3245 Salomonis
1184 3179 1383 3244 mentionem

254 3285 343 3370 facit,
363 3294 394 3350 ct
411 3285 567 3369 quasdam
585 3287 756 3350 sententias
773 3307 812 3348 ex
829 3285 866 3347 iis
881 3284 971 3348 libris
987 3282 1129 3348 adducit.
1142 3309 1167 3347 n
1187 3283 1384 3369 Antiquissi-
1421 3334 1427 3338 .

254 3404 326 3451 mus
350 3410 453 3452 carron
476 3411 496 3453 a
519 3389 692 3453 Muratorio
718 3386 819 3450 editus
857 3396 889 3450 et
913 3387 1005 3452 Caius
1032 3385 1196 3471 presbyter
1230 3406 1383 3451 romanus

173 3508 174 3511 ’
254 3498 420 3552 recensent
437 3488 640 3554 solummodo
662 3488 817 3553 tredecim
835 3489 926 3552 Pauli
944 3489 1112 3573 Epistolas,
1131 3487 1247 3551 omissa
1266 3488 1321 3551 illa
1342 3487 1383 3550 ad

287 3755 322 3816 (l)
337 3754 389 3805 Cir.
399 3731 517 3818 ‘llright
533 3754 653 3804 Heraites
670 3754 702 3819 os
710 3753 829 3818 Apirrnat
842 3766 855 3803 s
868 3766 892 3816 p.
907 3718 948 3814 ll),
961 3754 1003 3817 28,
1022 3757 1063 3816 57,
1083 3752 1140 3812 em,
1158 3751 1217 3813 til,
1237 3750 1365 3811 t16,t18.

255 3836 382 3899 Eplnaem.
398 3836 464 3900 Opp.
477 3849 518 3900 pr.
538 3835 558 3896 l,
571 3837 595 3897 73
609 3834 640 3894 ll,
651 3835 692 3886 90.
1318 3878 1323 3882 .

286 3898 589 3982 laurasamensis,
609 3911 721 3981 repen.
735 3919 769 3968 aa
783 3918 845 3968 cor.
863 3931 934 3981 app.
947 3918 973 3976 o,
986 3917 1027 3979 ro,
1043 3914 1084 3977 la,
1105 3914 1145 3974 rr,
1162 3912 1203 3975 aa,
1215 3913 1257 3975 ta,
1269 3912 1311 3963 aa.
1329 3911 1381 3962 cn.

149 4014 152 4015 ⁷
256 4001 370 4062 llieron,
382 3999 418 4050 De
433 3999 485 4052 τήν.
501 4000 539 4050 ill.
555 3999 594 4060 153
606 3999 710 4060 Euseb,
724 4001 787 4049 nist.
809 3999 878 4050 Erct.
891 3997 934 4061 ill,
949 4001 990 4050 58.

287 4083 323 4147 (5)
337 4085 402 4131 nist.
421 4081 489 4132 Erel.
511 4082 541 4140 V,
562 4081 603 4133 26.
621 4082 764 4144 Stephanus
776 4081 888 4132 Gobarus
902 4095 943 4144 ap.
958 4081 1079 4132 Photium
1094 4079 1222 4145 (Bibliotlr.
1239 4079 1296 4130 cod.
1312 4077 1382 4140 252),

253 4162 305 4212 ait:
318 4179 329 4208 r
343 4162 493 4226 Hippolytus
505 4169 532 4214 et
542 4162 651 4212 ireneus
661 4161 796 4224 Epistulam
807 4162 879 4212 Pauli
891 4163 926 4212 nd
939 4161 1059 4214 Hebraea
1072 4161 1160 4213 dicunt
1177 4174 1226 4211 non
1241 4172 1297 4210 esse
1314 4159 1385 4208 illius

254 4243 310 4308 (cir.
324 4244 370 4293 eod
399 4243 465 4305 lit).
484 4261 495 4291 s
512 4244 660 4295 putaverint
674 4242 778 4295 tortasse
796 4245 953 4295 Clementem
969 4250 1013 4294 eut
1031 4244 1125 4294 Lucam
1138 4248 1192 4306 aut,
1209 4254 1273 4293 cum·
1283 4239 1385 4290 Tertul-

253 4325 329 4388 liano,
346 4327 482 4376 Barnabam
497 4326 565 4378 illius
575 4331 714 4378 auctorem.
