3132 4964
289 330 353 393 1116
513 344 713 388 turnonucno
730 344 877 389 1111111111
889 347 920 388 nr
938 347 963 389 s.
986 347 1186 393 semiramin.

289 452 421 518 historia
442 448 563 514 admitti
584 453 734 531 nequeat.
752 445 817 509 Nec
837 445 940 510 obstat
964 447 1052 510 initio
1069 446 1142 511 libri
1159 447 1288 533 depingi
1304 451 1428 514 conci-

289 557 368 623 lium
392 554 580 638 angelorum
596 568 705 612 coram
724 548 791 611 Deo
809 549 859 611 cui
877 549 1006 612 interest
1019 559 1050 612 et
1064 546 1173 613 Satan.
1189 546 1265 614 Haec
1283 550 1425 636 quidem

287 656 504 725 Rationalistis
527 649 726 716 incredibilia
750 650 852 715 videri
875 662 1029 736 possunt,
1067 655 1143 738 quia
1171 655 1365 738 angelorum
1393 667 1427 719 ct

221 776 224 787 ¹
287 761 519 825 dae'monioru'rn
555 754 754 818 existentiam
777 764 907 838 negant.
932 753 1080 829 Admissa
1110 766 1219 820 autem
1247 758 1426 842 spirituum

176 2059 265 2158 71

91 3028 362 3201 alt55

287 866 446 929 honorum
459 870 556 945 atque
574 859 734 921 malorum
755 858 931 939 existentia,
948 859 1025 921 nihil
1043 858 1133 923 obest
1147 862 1319 945 quominus
1338 881 1425 924 vera

287 969 467 1033 habeantur
479 984 550 1050 quae
564 958 604 1027 de
616 962 671 1025 illo
685 961 873 1044 angelorum
887 963 1022 1026 concilio
1035 962 1163 1027 in'libro
1175 961 1238 1027 Job
1251 963 1423 1047 dicuntum

285 1073 432 1161 quamvis
445 1064 612 1132 latendum
625 1065 663 1127 sit
675 1074 839 1127 auctorem
854 1062 914 1127 sub
926 1065 1118 1149 imaginihus
1130 1066 1280 1129 humanis
1291 1064 1424 1130 descri-

285 1177 382 1261 psisse
395 1192 515 1258 eaquae
527 1171 609 1232 inter
622 1188 718 1251 puros
731 1167 858 1251 spiritus
874 1166 970 1231 modo
989 1189 1053 1231 non
1067 1170 1209 1231 humano
1224 1177 1308 1253 gesta
1326 1179 1420 1232 sunt.

284 1277 438 1360 Quamvis
466 1281 574 1337 autem
607 1269 691 1333 liber
717 1268 780 1332 Joh
809 1269 868 1332 sub
889 1271 954 1333 hoc
975 1278 1123 1354 respectu
1146 1291 1221 1334 vere
1245 1271 1423 1334 historicus

284 1382 335 1461 sit,
354 1375 475 1464 aliquid
489 1386 597 1439 tamen
613 1372 737 1457 poetico
758 1372 836 1456 stylo
856 1369 1063 1435 tribuendum
1079 1381 1136 1437 est.
1152 1370 1244 1436 Certe
1259 1368 1322 1436 roh
1338 1394 1421 1436 cum

284 1485 395 1548 amicis
408 1482 525 1544 fusiora
540 1477 699 1561 colloquia
712 1478 835 1559 miscet,
849 1497 920 1561 quat
932 1477 1063 1539 metrice
1079 1477 1422 1562 conscriptatreferun-

282 1598 345 1668 tur.
369 1581 551 1649 Putandum
571 1590 677 1644 autem
696 1581 827 1644 minime
844 1588 891 1643 est
906 1580 1011 1643 virum
1035 1578 1200 1643 doloribus
1224 1580 1420 1643 acutissimis

283 1699 438 1775 punctum
456 1686 597 1749 carmine
615 1683 734 1747 amieos
749 1683 924 1746 allocutum
941 1703 1019 1765 esse,
1037 1675 1070 1745 'et
1084 1683 1222 1746 vicissim
1240 1692 1293 1746 eos
1306 1683 1418 1746 versi-
1436 1758 1441 1765 ⁴

282 1793 342 1856 hus
354 1787 556 1875 respondisse
570 1795 601 1850 et
618 1787 840 1870 interrogasse.
859 1784 980 1849 Auctor
996 1786 1092 1870 igitur
1105 1780 1298 1871 ornamentis
1317 1794 1418 1850 utens

282 1892 425 1958 versibus
440 1888 616 1955 reddiderit
641 1886 729 1974 quod
747 1882 793 1951 illi
810 1889 843 1952 in
863 1888 1014 1952 familiari
1032 1909 1179 1952 sermone
1202 1887 1361 1971 dixerant,
1383 1884 1417 1953 et

226 1998 462 2115 orationum
479 2014 606 2061 sensum
622 1993 700 2077 stylo
718 1991 831 2076 figuris
842 2001 994 2056 exornato
1010 1993 1210 2077 expresserit.

326 2103 378 2165 11.
393 2065 566 2181 1111111111
584 2095 717 2160 Librum
737 2095 810 2159 lobi
838 2094 988 2161 divinitus
1014 2115 1081 2160 esse
1102 2097 1290 2181 inspiratum
1311 2105 1414 2182 atque

280 2205 470 2270 canonicum
495 2209 652 2284 negarunt
676 2200 753 2263 olim
771 2197 967 2263 Theodorus
994 2179 1267 2284 Mopsuestenus]
1287 2196 1413 2262 ideirco

280 2311 312 2371 in
328 2306 463 2372 coneilio
482 2304 680 2389 generali
639 2302 667 2366 V
698 2303 773 2377 coll.
790 2303 822 2365 4.
834 2303 1058 2387 reprehensus,
1077 2311 1197 2365 etcum
1217 2322 1255 2364 eo
1270 2301 1412 2364 Junilius

278 2411 460 2490 Africanus,
486 2407 643 2472 recentius
667 2415 774 2469 autem
799 2394 934 2490 Spinoza
950 2415 982 2468 et
998 2403 1095 2468 hodie
1119 2415 1229 2468 omnes
1248 2404 1412 2468 Rationa-

278 2514 368 2575 listae.
394 2509 595 2575 Contrarium
619 2518 727 2571 autern
751 2506 845 2572 docet
865 2529 938 2572 cum
963 2508 1131 2594 synagoga
1148 2507 1246 2571 veteri
1263 2507 1410 2571 Ecclesia

278 2614 446 2679 catholica.
463 2614 588 2677 Etenim
600 2612 682 2676 liber
694 2613 756 2677 Joh
771 2622 1000 2677 annumeratus
1016 2613 1076 2677 luit
1095 2635 1114 2677 a
1127 2604 1255 2695 iudeis,
1270 2611 1410 2674 aPatri-

277 2717 337 2780 bus
351 2726 381 2779 et
395 2738 414 2779 a
427 2715 574 2780 Conciliis
592 2717 674 2779 inter
689 2714 788 2779 libros
800 2715 1065 2799 protocanonicos
1081 2715 1121 2780 V.
1141 2716 1177 2778 Τ

323 2805 464 2912 118111
483 2820 618 2903 quaestio
644 2816 678 2880 fit
692 2839 733 2881 an
749 2817 832 2882 liber
853 2818 926 2883 tobi
951 2819 993 2882 ita
1014 2819 1185 2903 inspiratus
1200 2815 1263 2881 dici
1287 2814 1409 2881 debeat

237 2930 312 2995 ut
324 2938 536 3006 quaecumque
553 2919 599 2983 ab
613 2920 724 2983 amicis
737 2919 810 2983 Johi
827 2929 857 2984 et
874 2919 999 3005 abipso
1017 2919 1100 2985 Jobo
1115 2917 1200 2983 dicta
1219 2918 1408 2983 referuntur

276 3032 430 3109 tanquam
445 3023 539 3087 ellata
560 3023 694 3225 Spiritus
712 3024 812 3086 saneti
830 3022 892 3086 sint
912 3021 1115 3099 habenda?

320 3088 647 3225 NJRespondeo
640 3125 710 3190 ther
733 3125 818 3209 Jobi,
845 3135 1001 3211 quatenus
1014 3126 1184 3189 historicus
1203 3133 1261 3207 est,
1288 3122 1407 3189 eadem

274 3230 479 3313 inspiratione
495 3226 660 3312 gaudet,
640 3249 704 3314 qua
726 3230 822 3292 ceteri
839 3228 912 3293 lihri
928 3229 1092 3310 historici,
1085 3226 1224 3292 ·suffieit
1237 3234 1344 3291 autem
1360 3227 1406 3292 ad

273 3332 514 3415 inspirationem
548 3330 704 3395 lihrorum
736 3332 963 3396 historicorum
991 3320 1039 3418 (1)
1063 3278 1098 3394 ul
1120 3334 1232 3395 11111111
1255 3341 1406 3396 auctores

274 3436 392 3500 fuerint
410 3457 429 3498 a
443 3436 509 3499 Deo
530 3434 573 3499 ad
587 3434 792 3500 scribendum
806 3434 954 3521 impulsi
951 3445 982 3499 et
997 3439 1080 3500 inter
1091 3435 1297 3501 scribendum
1310 3433 1405 3500 dire-

274 3534 345 3620 cti,
337 3545 380 3599 rta
391 3546 427 3599 ut
438 3536 480 3601 ah
493 3544 601 3601 errore
615 3535 772 3603 immunes
785 3539 960 3604 seriberent
971 3560 1043 3624 quae
1054 3533 1151 3604 vellet
1162 3524 1259 3650 Deris]
1270 3539 1405 3611 Minime

273 3648 381 3704 autem
396 3634 570 3725 requiritur
581 3634 615 3703 ut
631 3644 738 3706 omnia
755 3643 840 3706 lacta
856 3644 1028 3728 omniaque
1041 3642 1141 3705 verba
1153 3636 1216 3705 sint
1231 3626 1328 3706 alteo
1345 3653 1405 3706 aut

271 3752 360 3828 gesta
383 3751 438 3806 aut
461 3744 677 3826 pronuntiata,
693 3743 748 3808 sed
765 3743 847 3809 bene
864 3753 996 3830 possunt
1015 3745 1184 3830 scriptores
1207 3745 1301 3827 sacri,
1319 3742 1403 3807 diri-

272 3855 366 3928 gente
378 3845 456 3927 Deo,
471 3854 503 3908 et
514 3865 629 3930 pravas
642 3845 810 3910 hominum
823 3848 962 3911 actiones
975 3855 1006 3910 et
1019 3847 1133 3930 impios
1146 3866 1259 3909 eorum
1273 3850 1403 3910 sermo-

272 3948 328 4009 ne's
345 3944 478 4029 referre,
505 3955 540 4009 ut
565 3947 711 4010 homines
733 3947 792 4011 hos
815 3946 1009 4013 detestentur
1035 3956 1066 4010 et
1090 3947 1161 4010 illas
1185 3945 1296 4011 alitent.
1316 3944 1404 4013 Hinc

271 4047 304 4109 in
320 4046 511 4131 Evangeliis,
527 4049 560 4111 in
573 4048 801 4132 Pentateucho,
816 4049 849 4112 in
864 4048 953 4113 lihris
967 4050 1093 4134 Regum
1101 4048 1201 4132 'plura
1208 4048 1403 4114 referuntur

270 4148 444 4233 impiorum
460 4148 545 4214 dicta
559 4160 590 4214 et
605 4151 691 4215 facta
703 4150 747 4215 ah
758 4143 908 4216 omnibus
920 4153 1051 4216 omnino
1065 4149 1280 4236 improbanda
1292 4175 1301 4234 3
1324 4152 1403 4219 hinc

303 4367 338 4431 (1)
353 4286 973 4483 111.1ηινοαιιοι.ριη.1ῤ.11ἲ11111111
