<?xml version="1.0" encoding="UTF-8"?>
<!DOCTYPE html PUBLIC "-//W3C//DTD XHTML 1.0 Transitional//EN"
    "http://www.w3.org/TR/xhtml1/DTD/xhtml1-transitional.dtd">
<html xmlns="http://www.w3.org/1999/xhtml" xml:lang="en" lang="en">
 <head>
  <title>
</title>
<meta http-equiv="Content-Type" content="text/html;charset=utf-8" />
  <meta name='ocr-system' content='tesseract 3.04.00' />
  <meta name='ocr-capabilities' content='ocr_page ocr_carea ocr_par ocr_line ocrx_word'/>
</head>
<body>
  <div class='ocr_page' id='page_1' title='image "./introductioinsa00lamygoog/introductioinsa00lamygoog_0082.png"; bbox 0 0 3142 4964; ppageno 0'>
   <div class='ocr_carea' id='block_1_1' title="bbox 408 361 1251 424">
    <p class='ocr_par' dir='ltr' id='par_1_1' title="bbox 408 361 1251 424">
     <span class='ocr_line' id='line_1_1' title="bbox 408 361 1251 424; baseline 0.005 -4"><span class='ocrx_word' id='word_1_1' title='bbox 408 378 483 421; x_wconf 79' lang='lat' dir='ltr'><strong>raas</strong></span> <span class='ocrx_word' id='word_1_2' title='bbox 498 380 521 421; x_wconf 92' lang='lat'><strong>1.</strong></span> <span class='ocrx_word' id='word_1_3' title='bbox 537 376 630 420; x_wconf 77' lang='lat' dir='ltr'><strong>curor</strong></span> <span class='ocrx_word' id='word_1_4' title='bbox 644 379 687 421; x_wconf 82' lang='lat' dir='ltr'><strong>rr.</strong></span> <span class='ocrx_word' id='word_1_5' title='bbox 705 374 850 422; x_wconf 70' lang='lat' dir='ltr'><strong>perrarus</strong></span> <span class='ocrx_word' id='word_1_6' title='bbox 865 378 978 422; x_wconf 79' lang='lat' dir='ltr'><strong>aucun.</strong></span> <span class='ocrx_word' id='word_1_7' title='bbox 1213 361 1251 424; x_wconf 86' lang='lat'><strong>71</strong></span> 
     </span>
    </p>
   </div>
   <div class='ocr_carea' id='block_1_2' title="bbox 32 476 1346 2821">
    <p class='ocr_par' dir='ltr' id='par_1_2' title="bbox 139 476 1253 665">
     <span class='ocr_line' id='line_1_2' title="bbox 140 476 1253 563; baseline 0.004 -22"><span class='ocrx_word' id='word_1_8' title='bbox 140 479 279 563; x_wconf 76' lang='lat' dir='ltr'><strong>sequenti</strong></span> <span class='ocrx_word' id='word_1_9' title='bbox 299 478 419 563; x_wconf 88' lang='lat' dir='ltr'><strong>pariter</strong></span> <span class='ocrx_word' id='word_1_10' title='bbox 434 477 521 540; x_wconf 85' lang='lat' dir='ltr'><strong>facit.</strong></span> <span class='ocrx_word' id='word_1_11' title='bbox 538 477 716 540; x_wconf 86' lang='lat' dir='ltr'><strong>Posteriora</strong></span> <span class='ocrx_word' id='word_1_12' title='bbox 733 478 873 563; x_wconf 91' lang='lat' dir='ltr'><strong>quinque</strong></span> <span class='ocrx_word' id='word_1_13' title='bbox 890 476 962 541; x_wconf 84' lang='lat' dir='ltr'>libri</span> <span class='ocrx_word' id='word_1_14' title='bbox 979 479 1081 563; x_wconf 90' lang='lat' dir='ltr'><strong>capita</strong></span> <span class='ocrx_word' id='word_1_15' title='bbox 1102 488 1168 544; x_wconf 90' lang='lat' dir='ltr'><strong>tota</strong></span> <span class='ocrx_word' id='word_1_16' title='bbox 1186 481 1253 545; x_wconf 83' lang='lat' dir='ltr'><strong>fere</strong></span> 
     </span>
     <span class='ocr_line' id='line_1_3' title="bbox 139 577 918 665; baseline -0.001 -21"><span class='ocrx_word' id='word_1_17' title='bbox 139 589 206 644; x_wconf 89' lang='lat' dir='ltr'><strong>sunt</strong></span> <span class='ocrx_word' id='word_1_18' title='bbox 225 583 257 644; x_wconf 93' lang='lat' dir='ltr'><strong>in</strong></span> <span class='ocrx_word' id='word_1_19' title='bbox 275 577 492 644; x_wconf 89' lang='lat' dir='ltr'><strong>describendis</strong></span> <span class='ocrx_word' id='word_1_20' title='bbox 509 578 584 642; x_wconf 79' lang='lat' dir='ltr'><strong>Elisa</strong></span> <span class='ocrx_word' id='word_1_21' title='bbox 600 580 693 663; x_wconf 89' lang='lat' dir='ltr'><strong>gestis</strong></span> <span class='ocrx_word' id='word_1_22' title='bbox 709 587 739 642; x_wconf 89' lang='lat' dir='ltr'><strong>et</strong></span> <span class='ocrx_word' id='word_1_23' title='bbox 754 579 918 665; x_wconf 89' lang='lat' dir='ltr'><strong>prodigiis.</strong></span> 
     </span>
    </p>

    <p class='ocr_par' dir='ltr' id='par_1_3' title="bbox 135 681 1342 1283">
     <span class='ocr_line' id='line_1_4' title="bbox 177 681 1252 769; baseline 0.004 -24"><span class='ocrx_word' id='word_1_24' title='bbox 177 684 208 745; x_wconf 78' lang='lat' dir='ltr'><strong>t.</strong></span> <span class='ocrx_word' id='word_1_25' title='bbox 234 683 272 746; x_wconf 93' lang='lat' dir='ltr'><strong>In</strong></span> <span class='ocrx_word' id='word_1_26' title='bbox 297 682 379 747; x_wconf 90' lang='lat' dir='ltr'><strong>libro</strong></span> <span class='ocrx_word' id='word_1_27' title='bbox 397 691 511 769; x_wconf 86' lang='lat' dir='ltr'><strong>quarto</strong></span> <span class='ocrx_word' id='word_1_28' title='bbox 530 682 662 746; x_wconf 91' lang='lat' dir='ltr'><strong>historia</strong></span> <span class='ocrx_word' id='word_1_29' title='bbox 679 703 851 768; x_wconf 89' lang='lat' dir='ltr'><strong>regnorum</strong></span> <span class='ocrx_word' id='word_1_30' title='bbox 866 681 956 746; x_wconf 78' lang='lat' dir='ltr'><strong>tude</strong></span> <span class='ocrx_word' id='word_1_31' title='bbox 978 694 1009 748; x_wconf 91' lang='lat' dir='ltr'><strong>et</strong></span> <span class='ocrx_word' id='word_1_32' title='bbox 1025 686 1149 749; x_wconf 83' lang='lat' dir='ltr'>Israelis</span> <span class='ocrx_word' id='word_1_33' title='bbox 1172 707 1252 749; x_wconf 90' lang='lat' dir='ltr'><strong>con-</strong></span> 
     </span>
     <span class='ocr_line' id='line_1_5' title="bbox 137 783 1252 874; baseline 0.005 -28"><span class='ocrx_word' id='word_1_34' title='bbox 137 784 274 848; x_wconf 77' lang='lat' dir='ltr'><strong>tinuatur</strong></span> <span class='ocrx_word' id='word_1_35' title='bbox 289 800 388 870; x_wconf 86' lang='lat' dir='ltr'><strong>usque</strong></span> <span class='ocrx_word' id='word_1_36' title='bbox 406 783 448 848; x_wconf 89' lang='lat' dir='ltr'><strong>ad</strong></span> <span class='ocrx_word' id='word_1_37' title='bbox 465 784 702 849; x_wconf 79' lang='lat' dir='ltr'><strong>exstinctionem</strong></span> <span class='ocrx_word' id='word_1_38' title='bbox 726 786 889 870; x_wconf 88' lang='lat' dir='ltr'><strong>utriusque</strong></span> <span class='ocrx_word' id='word_1_39' title='bbox 904 788 1006 870; x_wconf 91' lang='lat' dir='ltr'><strong>regni,</strong></span> <span class='ocrx_word' id='word_1_40' title='bbox 1022 785 1052 850; x_wconf 93' lang='lat' dir='ltr'><strong>id</strong></span> <span class='ocrx_word' id='word_1_41' title='bbox 1072 797 1129 872; x_wconf 87' lang='lat' dir='ltr'><strong>est,</strong></span> <span class='ocrx_word' id='word_1_42' title='bbox 1150 809 1252 874; x_wconf 88' lang='lat' dir='ltr'><strong>usque</strong></span> 
     </span>
     <span class='ocr_line' id='line_1_6' title="bbox 137 885 1251 976; baseline 0.004 -26"><span class='ocrx_word' id='word_1_43' title='bbox 137 886 176 951; x_wconf 93' lang='lat' dir='ltr'><strong>ad</strong></span> <span class='ocrx_word' id='word_1_44' title='bbox 190 886 438 952; x_wconf 82' lang='lat' dir='ltr'><strong>destructionem</strong></span> <span class='ocrx_word' id='word_1_45' title='bbox 454 888 543 972; x_wconf 89' lang='lat' dir='ltr'><strong>regni</strong></span> <span class='ocrx_word' id='word_1_46' title='bbox 557 885 668 950; x_wconf 87' lang='lat' dir='ltr'><strong>decern</strong></span> <span class='ocrx_word' id='word_1_47' title='bbox 685 886 825 951; x_wconf 90' lang='lat' dir='ltr'><strong>tribuum</strong></span> <span class='ocrx_word' id='word_1_48' title='bbox 840 909 899 972; x_wconf 88' lang='lat' dir='ltr'><strong>per</strong></span> <span class='ocrx_word' id='word_1_49' title='bbox 916 888 1129 975; x_wconf 75' lang='lat' dir='ltr'><strong>salmanasar,</strong></span> <span class='ocrx_word' id='word_1_50' title='bbox 1143 910 1251 976; x_wconf 89' lang='lat' dir='ltr'><strong>regern</strong></span> 
     </span>
     <span class='ocr_line' id='line_1_7' title="bbox 137 990 1342 1079; baseline 0.005 -26"><span class='ocrx_word' id='word_1_51' title='bbox 137 990 344 1077; x_wconf 77' lang='lat' dir='ltr'><strong>Assyriorum,</strong></span> <span class='ocrx_word' id='word_1_52' title='bbox 359 1000 389 1054; x_wconf 90' lang='lat' dir='ltr'><strong>et</strong></span> <span class='ocrx_word' id='word_1_53' title='bbox 407 991 603 1054; x_wconf 83' lang='lat' dir='ltr'><strong>eversionem</strong></span> <span class='ocrx_word' id='word_1_54' title='bbox 615 990 703 1053; x_wconf 86' lang='lat' dir='ltr'><strong>urbis</strong></span> <span class='ocrx_word' id='word_1_55' title='bbox 715 991 891 1054; x_wconf 86' lang='lat' dir='ltr'><strong>Jerusalem</strong></span> <span class='ocrx_word' id='word_1_56' title='bbox 905 1001 935 1056; x_wconf 91' lang='lat' dir='ltr'><strong>et</strong></span> <span class='ocrx_word' id='word_1_57' title='bbox 955 993 1064 1077; x_wconf 89' lang='lat' dir='ltr'><strong>templi</strong></span> <span class='ocrx_word' id='word_1_58' title='bbox 1077 1015 1115 1057; x_wconf 92' lang='lat' dir='ltr'><strong>ac</strong></span> <span class='ocrx_word' id='word_1_59' title='bbox 1131 992 1252 1079; x_wconf 92' lang='lat' dir='ltr'><strong>depor-</strong></span> <span class='ocrx_word' id='word_1_60' title='bbox 1336 1008 1342 1015; x_wconf 91' lang='grc'><em>“</em></span> 
     </span>
     <span class='ocr_line' id='line_1_8' title="bbox 136 1092 1251 1179; baseline 0.003 -22"><span class='ocrx_word' id='word_1_61' title='bbox 136 1095 283 1158; x_wconf 91' lang='lat' dir='ltr'><strong>tationem</strong></span> <span class='ocrx_word' id='word_1_62' title='bbox 312 1092 495 1158; x_wconf 80' lang='lat' dir='ltr'><strong>ludaeorum</strong></span> <span class='ocrx_word' id='word_1_63' title='bbox 518 1094 551 1156; x_wconf 92' lang='lat' dir='ltr'><strong>in</strong></span> <span class='ocrx_word' id='word_1_64' title='bbox 574 1092 783 1179; x_wconf 80' lang='lat' dir='ltr'><strong>Babyloniam</strong></span> <span class='ocrx_word' id='word_1_65' title='bbox 802 1115 861 1178; x_wconf 92' lang='lat' dir='ltr'><strong>per</strong></span> <span class='ocrx_word' id='word_1_66' title='bbox 884 1093 1188 1160; x_wconf 88' lang='lat' dir='ltr'><strong>Nabuchodonosor.</strong></span> <span class='ocrx_word' id='word_1_67' title='bbox 1213 1098 1251 1160; x_wconf 90' lang='lat' dir='ltr'><strong>In</strong></span> 
     </span>
     <span class='ocr_line' id='line_1_9' title="bbox 135 1196 1251 1283; baseline 0.003 -23"><span class='ocrx_word' id='word_1_68' title='bbox 135 1197 289 1280; x_wconf 86' lang='lat' dir='ltr'><strong>prioribus</strong></span> <span class='ocrx_word' id='word_1_69' title='bbox 306 1196 461 1283; x_wconf 87' lang='lat' dir='ltr'><strong>capitibus</strong></span> <span class='ocrx_word' id='word_1_70' title='bbox 481 1196 620 1280; x_wconf 83' lang='lat' dir='ltr'><strong>(l-Xlll)</strong></span> <span class='ocrx_word' id='word_1_71' title='bbox 641 1197 870 1260; x_wconf 89' lang='lat' dir='ltr'><strong>interseruntur</strong></span> <span class='ocrx_word' id='word_1_72' title='bbox 893 1198 968 1261; x_wconf 87' lang='lat' dir='ltr'><strong>huic</strong></span> <span class='ocrx_word' id='word_1_73' title='bbox 992 1198 1126 1262; x_wconf 77' lang='lat' dir='ltr'><strong>historia</strong></span> <span class='ocrx_word' id='word_1_74' title='bbox 1147 1202 1251 1263; x_wconf 89' lang='lat' dir='ltr'><strong>conti-</strong></span> 
     </span>
    </p>

    <p class='ocr_par' dir='ltr' id='par_1_4' title="bbox 36 1299 1346 1777">
     <span class='ocr_line' id='line_1_10' title="bbox 36 1299 1344 1389; baseline 0.005 -30"><span class='ocrx_word' id='word_1_75' title='bbox 36 1350 37 1359; x_wconf 61' lang='lat'><strong>.</strong></span> <span class='ocrx_word' id='word_1_76' title='bbox 135 1303 237 1365; x_wconf 91' lang='lat' dir='ltr'><strong>nuatio</strong></span> <span class='ocrx_word' id='word_1_77' title='bbox 257 1311 418 1386; x_wconf 89' lang='lat' dir='ltr'><strong>gestorum</strong></span> <span class='ocrx_word' id='word_1_78' title='bbox 448 1301 524 1364; x_wconf 86' lang='lat' dir='ltr'><strong>Eliae</strong></span> <span class='ocrx_word' id='word_1_79' title='bbox 546 1309 577 1363; x_wconf 91' lang='lat' dir='ltr'><strong>et</strong></span> <span class='ocrx_word' id='word_1_80' title='bbox 609 1300 748 1364; x_wconf 91' lang='lat' dir='ltr'><strong>narratio</strong></span> <span class='ocrx_word' id='word_1_81' title='bbox 769 1299 987 1384; x_wconf 80' lang='lat' dir='ltr'><strong>prodigiorum</strong></span> <span class='ocrx_word' id='word_1_82' title='bbox 1010 1301 1078 1387; x_wconf 87' lang='lat' dir='ltr'><strong>ejus</strong></span> <span class='ocrx_word' id='word_1_83' title='bbox 1104 1302 1249 1389; x_wconf 91' lang='lat' dir='ltr'><strong>discipuli</strong></span> <span class='ocrx_word' id='word_1_84' title='bbox 1338 1354 1344 1365; x_wconf 61' lang='lat'><strong>.</strong></span> 
     </span>
     <span class='ocr_line' id='line_1_11' title="bbox 134 1401 1249 1489; baseline 0.004 -24"><span class='ocrx_word' id='word_1_85' title='bbox 134 1404 240 1468; x_wconf 87' lang='lat' dir='ltr'><strong>Elisaei.</strong></span> <span class='ocrx_word' id='word_1_86' title='bbox 264 1405 302 1467; x_wconf 93' lang='lat' dir='ltr'><strong>In</strong></span> <span class='ocrx_word' id='word_1_87' title='bbox 330 1404 453 1489; x_wconf 89' lang='lat' dir='ltr'><strong>reliqua</strong></span> <span class='ocrx_word' id='word_1_88' title='bbox 473 1401 545 1466; x_wconf 90' lang='lat' dir='ltr'><strong>libri</strong></span> <span class='ocrx_word' id='word_1_89' title='bbox 573 1413 662 1487; x_wconf 91' lang='lat' dir='ltr'><strong>parte</strong></span> <span class='ocrx_word' id='word_1_90' title='bbox 686 1401 895 1487; x_wconf 76' lang='lat' dir='ltr'><strong>(xlv-xxv)</strong></span> <span class='ocrx_word' id='word_1_91' title='bbox 916 1412 1086 1467; x_wconf 88' lang='lat' dir='ltr'><strong>occurrunt</strong></span> <span class='ocrx_word' id='word_1_92' title='bbox 1110 1407 1249 1469; x_wconf 90' lang='lat' dir='ltr'><strong>narratio</strong></span> 
     </span>
     <span class='ocr_line' id='line_1_12' title="bbox 134 1503 1346 1595; baseline 0.003 -28"><span class='ocrx_word' id='word_1_93' title='bbox 134 1503 349 1569; x_wconf 88' lang='lat' dir='ltr'><strong>destructionis</strong></span> <span class='ocrx_word' id='word_1_94' title='bbox 361 1505 511 1568; x_wconf 75' lang='lat' dir='ltr'><strong>Samariae</strong></span> <span class='ocrx_word' id='word_1_95' title='bbox 523 1512 554 1567; x_wconf 88' lang='lat' dir='ltr'><strong>et</strong></span> <span class='ocrx_word' id='word_1_96' title='bbox 570 1503 739 1587; x_wconf 89' lang='lat' dir='ltr'><strong>descriptio</strong></span> <span class='ocrx_word' id='word_1_97' title='bbox 753 1504 875 1588; x_wconf 89' lang='lat' dir='ltr'><strong>pietatis</strong></span> <span class='ocrx_word' id='word_1_98' title='bbox 889 1505 1039 1588; x_wconf 83' lang='lat' dir='ltr'><strong>Ezechiae,</strong></span> <span class='ocrx_word' id='word_1_99' title='bbox 1054 1504 1249 1571; x_wconf 87' lang='lat' dir='ltr'><strong>liberationis</strong></span> <span class='ocrx_word' id='word_1_100' title='bbox 1341 1582 1346 1595; x_wconf 60' lang='lat'><strong>.</strong></span> 
     </span>
     <span class='ocr_line' id='line_1_13' title="bbox 134 1605 1249 1692; baseline 0.004 -22"><span class='ocrx_word' id='word_1_101' title='bbox 134 1608 236 1692; x_wconf 91' lang='lat' dir='ltr'><strong>populi</strong></span> <span class='ocrx_word' id='word_1_102' title='bbox 254 1607 297 1671; x_wconf 89' lang='lat' dir='ltr'><strong>ab</strong></span> <span class='ocrx_word' id='word_1_103' title='bbox 310 1609 449 1672; x_wconf 85' lang='lat' dir='ltr'><strong>exercitu</strong></span> <span class='ocrx_word' id='word_1_104' title='bbox 461 1605 688 1689; x_wconf 85' lang='lat' dir='ltr'><strong>Sennacherib,</strong></span> <span class='ocrx_word' id='word_1_105' title='bbox 704 1606 872 1691; x_wconf 90' lang='lat' dir='ltr'><strong>impietatis</strong></span> <span class='ocrx_word' id='word_1_106' title='bbox 885 1606 1034 1671; x_wconf 88' lang='lat' dir='ltr'><strong>Manassis</strong></span> <span class='ocrx_word' id='word_1_107' title='bbox 1047 1618 1077 1672; x_wconf 90' lang='lat' dir='ltr'><strong>et</strong></span> <span class='ocrx_word' id='word_1_108' title='bbox 1087 1607 1249 1674; x_wconf 90' lang='lat' dir='ltr'><strong>Paschatis</strong></span> 
     </span>
     <span class='ocr_line' id='line_1_14' title="bbox 134 1708 1248 1777; baseline 0.004 -6"><span class='ocrx_word' id='word_1_109' title='bbox 134 1708 188 1772; x_wconf 88' lang='lat' dir='ltr'><strong>snb</strong></span> <span class='ocrx_word' id='word_1_110' title='bbox 202 1710 289 1773; x_wconf 88' lang='lat' dir='ltr'><strong>Josia</strong></span> <span class='ocrx_word' id='word_1_111' title='bbox 305 1709 483 1773; x_wconf 80' lang='lat' dir='ltr'><strong>celebrata.</strong></span> <span class='ocrx_word' id='word_1_112' title='bbox 503 1708 621 1770; x_wconf 85' lang='lat' dir='ltr'><strong>Ultimo</strong></span> <span class='ocrx_word' id='word_1_113' title='bbox 637 1708 708 1771; x_wconf 87' lang='lat' dir='ltr'><strong>loco</strong></span> <span class='ocrx_word' id='word_1_114' title='bbox 725 1717 872 1771; x_wconf 89' lang='lat' dir='ltr'><strong>narratur</strong></span> <span class='ocrx_word' id='word_1_115' title='bbox 885 1708 1013 1773; x_wconf 90' lang='lat' dir='ltr'><strong>historia</strong></span> <span class='ocrx_word' id='word_1_116' title='bbox 1029 1708 1248 1777; x_wconf 88' lang='lat' dir='ltr'><strong>destructionis</strong></span> 
     </span>
    </p>

    <p class='ocr_par' dir='ltr' id='par_1_5' title="bbox 35 1800 1246 1898">
     <span class='ocr_line' id='line_1_15' title="bbox 35 1800 1246 1898; baseline 0.005 -26"><span class='ocrx_word' id='word_1_117' title='bbox 35 1800 37 1807; x_wconf 44' lang='lat'><strong>¹</strong></span> <span class='ocrx_word' id='word_1_118' title='bbox 133 1810 213 1874; x_wconf 90' lang='lat' dir='ltr'><strong>urbis</strong></span> <span class='ocrx_word' id='word_1_119' title='bbox 227 1822 258 1876; x_wconf 92' lang='lat' dir='ltr'><strong>et</strong></span> <span class='ocrx_word' id='word_1_120' title='bbox 273 1812 383 1897; x_wconf 92' lang='lat' dir='ltr'><strong>templi</strong></span> <span class='ocrx_word' id='word_1_121' title='bbox 397 1820 428 1874; x_wconf 92' lang='lat' dir='ltr'><strong>et</strong></span> <span class='ocrx_word' id='word_1_122' title='bbox 441 1811 628 1896; x_wconf 82' lang='lat' dir='ltr'><strong>captiuitatis</strong></span> <span class='ocrx_word' id='word_1_123' title='bbox 640 1809 851 1895; x_wconf 77' lang='lat' dir='ltr'><strong>babylonicae.</strong></span> <span class='ocrx_word' id='word_1_124' title='bbox 866 1812 903 1874; x_wconf 88' lang='lat' dir='ltr'><strong>ln</strong></span> <span class='ocrx_word' id='word_1_125' title='bbox 921 1810 1045 1877; x_wconf 89' lang='lat' dir='ltr'><strong>duobus</strong></span> <span class='ocrx_word' id='word_1_126' title='bbox 1060 1816 1246 1898; x_wconf 88' lang='lat' dir='ltr'><strong>posteriori-</strong></span> 
     </span>
    </p>

    <p class='ocr_par' dir='ltr' id='par_1_6' title="bbox 34 1912 1244 2002">
     <span class='ocr_line' id='line_1_16' title="bbox 34 1912 1244 2002; baseline 0.003 -25"><span class='ocrx_word' id='word_1_127' title='bbox 34 1988 36 1995; x_wconf 25' lang='lat'><strong>,</strong></span> <span class='ocrx_word' id='word_1_128' title='bbox 132 1913 186 1978; x_wconf 90' lang='lat' dir='ltr'><strong>bus</strong></span> <span class='ocrx_word' id='word_1_129' title='bbox 201 1918 328 2001; x_wconf 82' lang='lat' dir='ltr'><strong>Regum</strong></span> <span class='ocrx_word' id='word_1_130' title='bbox 346 1915 433 1983; x_wconf 90' lang='lat' dir='ltr'><strong>libris</strong></span> <span class='ocrx_word' id='word_1_131' title='bbox 454 1924 565 1979; x_wconf 87' lang='lat' dir='ltr'><strong>auctor</strong></span> <span class='ocrx_word' id='word_1_132' title='bbox 581 1935 645 1977; x_wconf 90' lang='lat' dir='ltr'><strong>non</strong></span> <span class='ocrx_word' id='word_1_133' title='bbox 665 1912 768 1977; x_wconf 88' lang='lat' dir='ltr'><strong>studet</strong></span> <span class='ocrx_word' id='word_1_134' title='bbox 789 1915 950 1998; x_wconf 90' lang='lat' dir='ltr'><strong>politicam</strong></span> <span class='ocrx_word' id='word_1_135' title='bbox 973 1916 1135 2002; x_wconf 91' lang='lat' dir='ltr'><strong>utriusque</strong></span> <span class='ocrx_word' id='word_1_136' title='bbox 1155 1920 1244 2002; x_wconf 90' lang='lat' dir='ltr'><strong>regni</strong></span> 
     </span>
    </p>

    <p class='ocr_par' dir='ltr' id='par_1_7' title="bbox 34 2000 1241 2101">
     <span class='ocr_line' id='line_1_17' title="bbox 34 2000 1241 2101; baseline 0.007 -28"><span class='ocrx_word' id='word_1_137' title='bbox 34 2000 36 2073; x_wconf 71' lang='grc' dir='ltr'><strong><em>ἶ</em></strong></span> <span class='ocrx_word' id='word_1_138' title='bbox 132 2016 282 2081; x_wconf 87' lang='lat' dir='ltr'><strong>conficere</strong></span> <span class='ocrx_word' id='word_1_139' title='bbox 313 2018 487 2098; x_wconf 91' lang='lat' dir='ltr'><strong>historiam,</strong></span> <span class='ocrx_word' id='word_1_140' title='bbox 520 2015 587 2098; x_wconf 91' lang='lat' dir='ltr'><strong>sed,</strong></span> <span class='ocrx_word' id='word_1_141' title='bbox 612 2016 696 2079; x_wconf 85' lang='lat' dir='ltr'><strong>facto</strong></span> <span class='ocrx_word' id='word_1_142' title='bbox 719 2016 950 2100; x_wconf 70' lang='lat' dir='ltr'><strong>praecipuarum</strong></span> <span class='ocrx_word' id='word_1_143' title='bbox 973 2038 1081 2080; x_wconf 90' lang='lat' dir='ltr'><strong>rerum</strong></span> <span class='ocrx_word' id='word_1_144' title='bbox 1104 2017 1241 2101; x_wconf 89' lang='lat' dir='ltr'><strong>delectu,</strong></span> 
     </span>
    </p>

    <p class='ocr_par' dir='ltr' id='par_1_8' title="bbox 33 2117 1243 2206">
     <span class='ocr_line' id='line_1_18' title="bbox 33 2117 1243 2206; baseline 0.004 -26"><span class='ocrx_word' id='word_1_145' title='bbox 33 2172 35 2195; x_wconf 28' lang='grc' dir='ltr'><strong><em>ἐ</em></strong></span> <span class='ocrx_word' id='word_1_146' title='bbox 55 2134 62 2150; x_wconf 90' lang='grc'><em>·</em></span> <span class='ocrx_word' id='word_1_147' title='bbox 131 2120 259 2184; x_wconf 92' lang='lat' dir='ltr'><strong>ostendit</strong></span> <span class='ocrx_word' id='word_1_148' title='bbox 278 2119 438 2206; x_wconf 90' lang='lat' dir='ltr'><strong>quomodo</strong></span> <span class='ocrx_word' id='word_1_149' title='bbox 455 2121 539 2182; x_wconf 90' lang='lat' dir='ltr'><strong>Deus</strong></span> <span class='ocrx_word' id='word_1_150' title='bbox 553 2119 775 2203; x_wconf 87' lang='lat' dir='ltr'><strong>promissiones</strong></span> <span class='ocrx_word' id='word_1_151' title='bbox 790 2117 902 2182; x_wconf 89' lang='lat' dir='ltr'><strong>Davidi</strong></span> <span class='ocrx_word' id='word_1_152' title='bbox 924 2119 1022 2182; x_wconf 86' lang='lat' dir='ltr'><strong>lactas</strong></span> <span class='ocrx_word' id='word_1_153' title='bbox 1038 2118 1078 2182; x_wconf 89' lang='lat' dir='ltr'><strong>de</strong></span> <span class='ocrx_word' id='word_1_154' title='bbox 1102 2121 1243 2185; x_wconf 79' lang='lat' dir='ltr'><strong>aedifica-</strong></span> 
     </span>
    </p>

    <p class='ocr_par' dir='ltr' id='par_1_9' title="bbox 33 2206 1242 2309">
     <span class='ocr_line' id='line_1_19' title="bbox 33 2206 1242 2309; baseline 0.006 -28"><span class='ocrx_word' id='word_1_155' title='bbox 33 2206 34 2213; x_wconf 30' lang='lat'><em>*</em></span> <span class='ocrx_word' id='word_1_156' title='bbox 118 2221 207 2285; x_wconf 55' lang='lat' dir='ltr'><strong>&lt;tione</strong></span> <span class='ocrx_word' id='word_1_157' title='bbox 231 2224 342 2307; x_wconf 89' lang='lat' dir='ltr'><strong>templi</strong></span> <span class='ocrx_word' id='word_1_158' title='bbox 366 2245 385 2285; x_wconf 92' lang='lat' dir='ltr'><strong>a</strong></span> <span class='ocrx_word' id='word_1_159' title='bbox 409 2222 578 2285; x_wconf 91' lang='lat' dir='ltr'><strong>Salomone</strong></span> <span class='ocrx_word' id='word_1_160' title='bbox 604 2218 699 2283; x_wconf 86' lang='lat' dir='ltr'><strong>etde</strong></span> <span class='ocrx_word' id='word_1_161' title='bbox 722 2219 877 2283; x_wconf 86' lang='lat' dir='ltr'><strong>servando</strong></span> <span class='ocrx_word' id='word_1_162' title='bbox 902 2220 969 2307; x_wconf 87' lang='lat' dir='ltr'><strong>ejus</strong></span> <span class='ocrx_word' id='word_1_163' title='bbox 990 2224 1121 2305; x_wconf 88' lang='lat' dir='ltr'><strong>posteris</strong></span> <span class='ocrx_word' id='word_1_164' title='bbox 1143 2244 1242 2309; x_wconf 91' lang='lat' dir='ltr'><strong>regno</strong></span> 
     </span>
    </p>

    <p class='ocr_par' dir='ltr' id='par_1_10' title="bbox 39 2304 1242 2410">
     <span class='ocr_line' id='line_1_20' title="bbox 39 2304 1242 2410; baseline 0.006 -26"><span class='ocrx_word' id='word_1_165' title='bbox 39 2304 44 2314; x_wconf 49' lang='lat'><strong><em>⁴</em></strong></span> <span class='ocrx_word' id='word_1_166' title='bbox 129 2321 302 2410; x_wconf 79' lang='lat' dir='ltr'><strong>adimpletae</strong></span> <span class='ocrx_word' id='word_1_167' title='bbox 322 2325 461 2387; x_wconf 83' lang='lat' dir='ltr'><strong>fuerunt.</strong></span> <span class='ocrx_word' id='word_1_168' title='bbox 482 2321 626 2387; x_wconf 85' lang='lat' dir='ltr'><strong>Ostendit</strong></span> <span class='ocrx_word' id='word_1_169' title='bbox 646 2323 740 2386; x_wconf 91' lang='lat' dir='ltr'><strong>ctiam</strong></span> <span class='ocrx_word' id='word_1_170' title='bbox 756 2343 858 2407; x_wconf 89' lang='lat' dir='ltr'><strong>reges,</strong></span> <span class='ocrx_word' id='word_1_171' title='bbox 877 2324 999 2408; x_wconf 90' lang='lat' dir='ltr'><strong>quoties</strong></span> <span class='ocrx_word' id='word_1_172' title='bbox 1015 2323 1106 2387; x_wconf 88' lang='lat' dir='ltr'><strong>idolis</strong></span> <span class='ocrx_word' id='word_1_173' title='bbox 1124 2308 1242 2391; x_wconf 71' lang='lat' dir='ltr'><strong>seruie-</strong></span> 
     </span>
    </p>

    <p class='ocr_par' dir='ltr' id='par_1_11' title="bbox 39 2425 1242 2514">
     <span class='ocr_line' id='line_1_21' title="bbox 39 2425 1242 2514; baseline 0.007 -28"><span class='ocrx_word' id='word_1_174' title='bbox 39 2495 42 2503; x_wconf 20' lang='lat' dir='ltr'><strong>y</strong></span> <span class='ocrx_word' id='word_1_175' title='bbox 128 2435 206 2513; x_wconf 85' lang='lat' dir='ltr'><strong>runt,</strong></span> <span class='ocrx_word' id='word_1_176' title='bbox 221 2449 239 2490; x_wconf 94' lang='lat' dir='ltr'><strong>a</strong></span> <span class='ocrx_word' id='word_1_177' title='bbox 253 2428 319 2503; x_wconf 88' lang='lat' dir='ltr'><strong>Deo</strong></span> <span class='ocrx_word' id='word_1_178' title='bbox 334 2425 465 2490; x_wconf 89' lang='lat' dir='ltr'><strong>afflictos</strong></span> <span class='ocrx_word' id='word_1_179' title='bbox 478 2427 572 2489; x_wconf 88' lang='lat' dir='ltr'><strong>fuisse</strong></span> <span class='ocrx_word' id='word_1_180' title='bbox 589 2426 663 2488; x_wconf 88' lang='lat' dir='ltr'><strong>etin</strong></span> <span class='ocrx_word' id='word_1_181' title='bbox 678 2446 791 2488; x_wconf 90' lang='lat' dir='ltr'><strong>manus</strong></span> <span class='ocrx_word' id='word_1_182' title='bbox 803 2426 940 2488; x_wconf 90' lang='lat' dir='ltr'><strong>bostium</strong></span> <span class='ocrx_word' id='word_1_183' title='bbox 954 2425 1084 2491; x_wconf 89' lang='lat' dir='ltr'><strong>traditos</strong></span> <span class='ocrx_word' id='word_1_184' title='bbox 1096 2453 1103 2509; x_wconf 93' lang='lat'>;</span> <span class='ocrx_word' id='word_1_185' title='bbox 1119 2431 1242 2514; x_wconf 87' lang='lat' dir='ltr'><strong>quoties</strong></span> 
     </span>
    </p>

    <p class='ocr_par' dir='ltr' id='par_1_12' title="bbox 32 2528 1241 2614">
     <span class='ocr_line' id='line_1_22' title="bbox 32 2528 1241 2614; baseline 0.006 -24"><span class='ocrx_word' id='word_1_186' title='bbox 32 2558 33 2563; x_wconf 41' lang='lat'>¹</span> <span class='ocrx_word' id='word_1_187' title='bbox 62 2568 70 2579; x_wconf 81' lang='grc'><strong>--</strong></span> <span class='ocrx_word' id='word_1_188' title='bbox 81 2548 197 2610; x_wconf 57' lang='lat' dir='ltr'><strong>puero</strong></span> <span class='ocrx_word' id='word_1_189' title='bbox 225 2552 245 2594; x_wconf 93' lang='lat' dir='ltr'><strong>a</strong></span> <span class='ocrx_word' id='word_1_190' title='bbox 272 2530 438 2614; x_wconf 86' lang='lat' dir='ltr'><strong>Prophetis</strong></span> <span class='ocrx_word' id='word_1_191' title='bbox 469 2528 621 2592; x_wconf 85' lang='lat' dir='ltr'><strong>admoniti</strong></span> <span class='ocrx_word' id='word_1_192' title='bbox 650 2529 867 2611; x_wconf 88' lang='lat' dir='ltr'><strong>poenitentiam</strong></span> <span class='ocrx_word' id='word_1_193' title='bbox 890 2539 1044 2613; x_wconf 86' lang='lat' dir='ltr'><strong>egerunt,</strong></span> <span class='ocrx_word' id='word_1_194' title='bbox 1069 2553 1088 2594; x_wconf 93' lang='lat' dir='ltr'><strong>a</strong></span> <span class='ocrx_word' id='word_1_195' title='bbox 1110 2532 1175 2596; x_wconf 91' lang='lat' dir='ltr'><strong>Deo</strong></span> <span class='ocrx_word' id='word_1_196' title='bbox 1200 2530 1241 2596; x_wconf 91' lang='lat' dir='ltr'><strong>de</strong></span> 
     </span>
    </p>

    <p class='ocr_par' dir='ltr' id='par_1_13' title="bbox 32 2626 1239 2716">
     <span class='ocr_line' id='line_1_23' title="bbox 129 2626 1239 2716; baseline 0.005 -23.518"><span class='ocrx_word' id='word_1_197' title='bbox 129 2626 262 2694; x_wconf 87' lang='lat' dir='ltr'><strong>hostibus</strong></span> <span class='ocrx_word' id='word_1_198' title='bbox 284 2632 418 2694; x_wconf 89' lang='lat' dir='ltr'><strong>victores</strong></span> <span class='ocrx_word' id='word_1_199' title='bbox 443 2628 570 2693; x_wconf 84' lang='lat' dir='ltr'><strong>effectos</strong></span> <span class='ocrx_word' id='word_1_200' title='bbox 601 2630 696 2692; x_wconf 87' lang='lat' dir='ltr'><strong>fuisse</strong></span> <span class='ocrx_word' id='word_1_201' title='bbox 725 2637 756 2692; x_wconf 91' lang='lat' dir='ltr'><strong>et</strong></span> <span class='ocrx_word' id='word_1_202' title='bbox 779 2628 870 2692; x_wconf 94' lang='lat' dir='ltr'><strong>bonis</strong></span> <span class='ocrx_word' id='word_1_203' title='bbox 894 2632 1081 2695; x_wconf 90' lang='lat' dir='ltr'><strong>cumulatos.</strong></span> <span class='ocrx_word' id='word_1_204' title='bbox 1107 2632 1239 2716; x_wconf 85' lang='lat' dir='ltr'><strong>Verbo,</strong></span> 
     </span>
    </p>

    <p class='ocr_par' dir='ltr' id='par_1_14' title="bbox 42 2722 1241 2821">
     <span class='ocr_line' id='line_1_24' title="bbox 42 2722 1241 2821; baseline 0.003 -26"><span class='ocrx_word' id='word_1_205' title='bbox 42 2770 54 2821; x_wconf 54' lang='lat' dir='ltr'><strong>p</strong></span> <span class='ocrx_word' id='word_1_206' title='bbox 92 2722 94 2727; x_wconf 38' lang='lat'>⁵</span> <span class='ocrx_word' id='word_1_207' title='bbox 129 2733 255 2797; x_wconf 86' lang='lat' dir='ltr'><strong>ostendit</strong></span> <span class='ocrx_word' id='word_1_208' title='bbox 272 2742 381 2796; x_wconf 90' lang='lat' dir='ltr'><strong>auctor</strong></span> <span class='ocrx_word' id='word_1_209' title='bbox 394 2731 556 2818; x_wconf 88' lang='lat' dir='ltr'><strong>quomodo</strong></span> <span class='ocrx_word' id='word_1_210' title='bbox 568 2732 651 2795; x_wconf 92' lang='lat' dir='ltr'><strong>Deus</strong></span> <span class='ocrx_word' id='word_1_211' title='bbox 664 2732 823 2795; x_wconf 89' lang='lat' dir='ltr'><strong>nationem</strong></span> <span class='ocrx_word' id='word_1_212' title='bbox 836 2730 1002 2797; x_wconf 89' lang='lat' dir='ltr'><strong>Judaicam</strong></span> <span class='ocrx_word' id='word_1_213' title='bbox 1015 2734 1241 2818; x_wconf 81' lang='lat' dir='ltr'><strong>gubernaverit</strong></span> 
     </span>
    </p>
   </div>
   <div class='ocr_carea' id='block_1_3' title="bbox 42 2822 1238 2921">
    <p class='ocr_par' dir='ltr' id='par_1_15' title="bbox 42 2822 1238 2921">
     <span class='ocr_line' id='line_1_25' title="bbox 42 2822 1238 2921; baseline 0.005 -24"><span class='ocrx_word' id='word_1_214' title='bbox 42 2854 46 2863; x_wconf 65' lang='lat'>¹</span> <span class='ocrx_word' id='word_1_215' title='bbox 82 2894 84 2899; x_wconf 87' lang='grc'><em>,</em></span> <span class='ocrx_word' id='word_1_216' title='bbox 108 2856 256 2921; x_wconf 79' lang='lat' dir='ltr'><strong>eamque</strong></span> <span class='ocrx_word' id='word_1_217' title='bbox 280 2857 337 2920; x_wconf 92' lang='lat' dir='ltr'><strong>per</strong></span> <span class='ocrx_word' id='word_1_218' title='bbox 359 2836 534 2920; x_wconf 90' lang='lat' dir='ltr'><strong>Prophetas</strong></span> <span class='ocrx_word' id='word_1_219' title='bbox 556 2855 628 2897; x_wconf 90' lang='lat' dir='ltr'><strong>suos</strong></span> <span class='ocrx_word' id='word_1_220' title='bbox 652 2835 801 2897; x_wconf 91' lang='lat' dir='ltr'><strong>continuo</strong></span> <span class='ocrx_word' id='word_1_221' title='bbox 824 2832 999 2899; x_wconf 88' lang='lat' dir='ltr'><strong>admonens</strong></span> <span class='ocrx_word' id='word_1_222' title='bbox 1026 2839 1057 2899; x_wconf 93' lang='lat' dir='ltr'><strong>in</strong></span> <span class='ocrx_word' id='word_1_223' title='bbox 1082 2822 1161 2903; x_wconf 70' lang='lat' dir='ltr'><strong>vero¹</strong></span> <span class='ocrx_word' id='word_1_224' title='bbox 1181 2840 1238 2903; x_wconf 90' lang='lat' dir='ltr'><strong>Dei</strong></span> 
     </span>
    </p>
   </div>
   <div class='ocr_carea' id='block_1_4' title="bbox 32 2908 729 3024">
    <p class='ocr_par' dir='ltr' id='par_1_16' title="bbox 32 2908 729 3024">
     <span class='ocr_line' id='line_1_26' title="bbox 32 2908 729 3024; baseline -0.003 -23"><span class='ocrx_word' id='word_1_225' title='bbox 32 2908 52 2943; x_wconf 30' lang='grc' dir='ltr'><strong>ι</strong></span> <span class='ocrx_word' id='word_1_226' title='bbox 82 3002 85 3007; x_wconf 78' lang='grc'><strong>,</strong></span> <span class='ocrx_word' id='word_1_227' title='bbox 128 2939 207 3002; x_wconf 90' lang='lat' dir='ltr'><strong>cultu</strong></span> <span class='ocrx_word' id='word_1_228' title='bbox 223 2959 364 3024; x_wconf 85' lang='lat' dir='ltr'><strong>veraque</strong></span> <span class='ocrx_word' id='word_1_229' title='bbox 380 2938 531 3021; x_wconf 87' lang='lat' dir='ltr'><strong>religione</strong></span> <span class='ocrx_word' id='word_1_230' title='bbox 548 2937 729 3000; x_wconf 86' lang='lat' dir='ltr'><strong>servaverit.</strong></span> 
     </span>
    </p>
   </div>
   <div class='ocr_carea' id='block_1_5' title="bbox 32 3037 1298 4465">
    <p class='ocr_par' dir='ltr' id='par_1_17' title="bbox 32 3037 1298 4465">
     <span class='ocr_line' id='line_1_27' title="bbox 32 3037 1236 3126; baseline 0.003 -24"><span class='ocrx_word' id='word_1_231' title='bbox 32 3066 34 3083; x_wconf 60' lang='lat'><strong>.</strong></span> <span class='ocrx_word' id='word_1_232' title='bbox 64 3054 66 3057; x_wconf 78' lang='grc'><strong><em>·</em></strong></span> <span class='ocrx_word' id='word_1_233' title='bbox 141 3110 149 3122; x_wconf 20' lang='lat' dir='ltr'><strong>g</strong></span> <span class='ocrx_word' id='word_1_234' title='bbox 164 3040 193 3103; x_wconf 79' lang='lat'><strong>5.</strong></span> <span class='ocrx_word' id='word_1_235' title='bbox 211 3042 325 3104; x_wconf 81' lang='lat' dir='ltr'><strong>Auctor</strong></span> <span class='ocrx_word' id='word_1_236' title='bbox 341 3053 368 3104; x_wconf 88' lang='lat' dir='ltr'><strong>et</strong></span> <span class='ocrx_word' id='word_1_237' title='bbox 383 3052 465 3103; x_wconf 78' lang='lat' dir='ltr'><strong>ctos.</strong></span> <span class='ocrx_word' id='word_1_238' title='bbox 480 3040 527 3103; x_wconf 89' lang='lat' dir='ltr'><strong>De</strong></span> <span class='ocrx_word' id='word_1_239' title='bbox 542 3048 671 3103; x_wconf 85' lang='lat' dir='ltr'><strong>auctore</strong></span> <span class='ocrx_word' id='word_1_240' title='bbox 684 3039 736 3102; x_wconf 88' lang='lat' dir='ltr'><strong>vel</strong></span> <span class='ocrx_word' id='word_1_241' title='bbox 748 3037 930 3102; x_wconf 89' lang='lat' dir='ltr'><strong>auctoribus</strong></span> <span class='ocrx_word' id='word_1_242' title='bbox 942 3038 1098 3104; x_wconf 89' lang='lat' dir='ltr'><strong>librorum</strong></span> <span class='ocrx_word' id='word_1_243' title='bbox 1110 3043 1236 3126; x_wconf 87' lang='lat' dir='ltr'><strong>Regum</strong></span> 
     </span>
     <span class='ocr_line' id='line_1_28' title="bbox 32 3120 1236 3226; baseline 0.005 -24"><span class='ocrx_word' id='word_1_244' title='bbox 32 3220 34 3225; x_wconf 17' lang='grc' dir='ltr'>ι</span> <span class='ocrx_word' id='word_1_245' title='bbox 71 3120 103 3189; x_wconf 53' lang='grc' dir='ltr'><em>Η</em></span> <span class='ocrx_word' id='word_1_246' title='bbox 124 3141 195 3206; x_wconf 93' lang='lat' dir='ltr'><strong>nihil</strong></span> <span class='ocrx_word' id='word_1_247' title='bbox 217 3144 294 3208; x_wconf 90' lang='lat' dir='ltr'><strong>certi</strong></span> <span class='ocrx_word' id='word_1_248' title='bbox 310 3143 477 3207; x_wconf 84' lang='lat' dir='ltr'><strong>habemus.</strong></span> <span class='ocrx_word' id='word_1_249' title='bbox 497 3142 576 3205; x_wconf 89' lang='lat' dir='ltr'><strong>Sunt</strong></span> <span class='ocrx_word' id='word_1_250' title='bbox 591 3142 644 3226; x_wconf 92' lang='lat' dir='ltr'><strong>qui</strong></span> <span class='ocrx_word' id='word_1_251' title='bbox 662 3149 797 3226; x_wconf 92' lang='lat' dir='ltr'><strong>quatuor</strong></span> <span class='ocrx_word' id='word_1_252' title='bbox 820 3140 975 3205; x_wconf 89' lang='lat' dir='ltr'><strong>librorum</strong></span> <span class='ocrx_word' id='word_1_253' title='bbox 991 3144 1114 3207; x_wconf 92' lang='lat' dir='ltr'><strong>nonnisi</strong></span> <span class='ocrx_word' id='word_1_254' title='bbox 1135 3165 1236 3208; x_wconf 91' lang='lat' dir='ltr'><strong>unum</strong></span> 
     </span>
     <span class='ocr_line' id='line_1_29' title="bbox 32 3243 1235 3331; baseline 0.006 -27"><span class='ocrx_word' id='word_1_255' title='bbox 32 3294 34 3323; x_wconf 63' lang='lat'><strong>,</strong></span> <span class='ocrx_word' id='word_1_256' title='bbox 124 3243 505 3331; x_wconf 77' lang='lat' dir='ltr'><strong>eumdemqueauctorcm</strong></span> <span class='ocrx_word' id='word_1_257' title='bbox 518 3253 703 3330; x_wconf 90' lang='lat' dir='ltr'><strong>agnoscunt.</strong></span> <span class='ocrx_word' id='word_1_258' title='bbox 716 3244 833 3309; x_wconf 90' lang='lat' dir='ltr'><strong>Unicus</strong></span> <span class='ocrx_word' id='word_1_259' title='bbox 846 3244 902 3306; x_wconf 92' lang='lat' dir='ltr'><strong>iste</strong></span> <span class='ocrx_word' id='word_1_260' title='bbox 913 3253 1024 3308; x_wconf 90' lang='lat' dir='ltr'><strong>auctor</strong></span> <span class='ocrx_word' id='word_1_261' title='bbox 1036 3255 1134 3309; x_wconf 91' lang='lat' dir='ltr'><strong>totam</strong></span> <span class='ocrx_word' id='word_1_262' title='bbox 1151 3248 1235 3312; x_wconf 89' lang='lat' dir='ltr'><strong>hanc</strong></span> 
     </span>
     <span class='ocr_line' id='line_1_30' title="bbox 32 3340 1231 3463; baseline 0.008 -59"><span class='ocrx_word' id='word_1_263' title='bbox 32 3348 36 3405; x_wconf 63' lang='lat'><strong>,&#39;</strong></span> <span class='ocrx_word' id='word_1_264' title='bbox 123 3344 279 3410; x_wconf 90' lang='lat' dir='ltr'><strong>historiam</strong></span> <span class='ocrx_word' id='word_1_265' title='bbox 302 3369 340 3410; x_wconf 84' lang='lat' dir='ltr'><strong>ex</strong></span> <span class='ocrx_word' id='word_1_266' title='bbox 360 3347 456 3410; x_wconf 83' lang='lat' dir='ltr'><strong>variis</strong></span> <span class='ocrx_word' id='word_1_267' title='bbox 485 3345 709 3429; x_wconf 90' lang='lat' dir='ltr'><strong>documentis,</strong></span> <span class='ocrx_word' id='word_1_268' title='bbox 737 3355 820 3463; x_wconf 79' lang='lat' dir='ltr'><strong>puta</strong></span> <span class='ocrx_word' id='word_1_269' title='bbox 844 3366 882 3408; x_wconf 84' lang='lat' dir='ltr'><strong>ex</strong></span> <span class='ocrx_word' id='word_1_270' title='bbox 905 3340 1026 3431; x_wconf 86' lang='lat' dir='ltr'><strong>scriptis</strong></span> <span class='ocrx_word' id='word_1_271' title='bbox 1049 3348 1231 3433; x_wconf 90' lang='lat' dir='ltr'><strong>Samuelis,</strong></span> 
     </span>
     <span class='ocr_line' id='line_1_31' title="bbox 32 3445 1233 3533; baseline 0.006 -25"><span class='ocrx_word' id='word_1_272' title='bbox 32 3516 34 3523; x_wconf 18' lang='lat' dir='ltr'><strong>y</strong></span> <span class='ocrx_word' id='word_1_273' title='bbox 122 3445 283 3531; x_wconf 85' lang='lat' dir='ltr'><strong>Nathanis,</strong></span> <span class='ocrx_word' id='word_1_274' title='bbox 309 3470 347 3512; x_wconf 85' lang='lat' dir='ltr'><strong>ex</strong></span> <span class='ocrx_word' id='word_1_275' title='bbox 370 3448 537 3513; x_wconf 84' lang='lat' dir='ltr'><strong>annalibus</strong></span> <span class='ocrx_word' id='word_1_276' title='bbox 560 3449 651 3533; x_wconf 87' lang='lat' dir='ltr'><strong>regni</strong></span> <span class='ocrx_word' id='word_1_277' title='bbox 672 3447 819 3529; x_wconf 82' lang='lat' dir='ltr'><strong>Davidis,</strong></span> <span class='ocrx_word' id='word_1_278' title='bbox 844 3447 1021 3512; x_wconf 91' lang='lat' dir='ltr'><strong>Salomonis</strong></span> <span class='ocrx_word' id='word_1_279' title='bbox 1044 3457 1075 3512; x_wconf 91' lang='lat' dir='ltr'><strong>et</strong></span> <span class='ocrx_word' id='word_1_280' title='bbox 1097 3451 1233 3515; x_wconf 91' lang='lat' dir='ltr'><strong>aliorum</strong></span> 
     </span>
     <span class='ocr_line' id='line_1_32' title="bbox 32 3550 1233 3636; baseline 0.005 -25"><span class='ocrx_word' id='word_1_281' title='bbox 32 3604 37 3622; x_wconf 86' lang='lat'>‚</span> <span class='ocrx_word' id='word_1_282' title='bbox 104 3571 228 3635; x_wconf 36' lang='lat' dir='ltr'><strong>*regum</strong></span> <span class='ocrx_word' id='word_1_283' title='bbox 247 3552 344 3616; x_wconf 90' lang='lat' dir='ltr'><strong>Israel</strong></span> <span class='ocrx_word' id='word_1_284' title='bbox 366 3561 397 3615; x_wconf 92' lang='lat' dir='ltr'><strong>et</strong></span> <span class='ocrx_word' id='word_1_285' title='bbox 411 3550 506 3633; x_wconf 82' lang='lat' dir='ltr'><strong>luda,</strong></span> <span class='ocrx_word' id='word_1_286' title='bbox 526 3552 568 3614; x_wconf 91' lang='lat' dir='ltr'><strong>ita</strong></span> <span class='ocrx_word' id='word_1_287' title='bbox 585 3550 748 3636; x_wconf 89' lang='lat' dir='ltr'><strong>digesserit</strong></span> <span class='ocrx_word' id='word_1_288' title='bbox 765 3560 799 3614; x_wconf 94' lang='lat' dir='ltr'><strong>ut</strong></span> <span class='ocrx_word' id='word_1_289' title='bbox 822 3551 933 3636; x_wconf 76' lang='lat' dir='ltr'><strong>sepius</strong></span> <span class='ocrx_word' id='word_1_290' title='bbox 958 3553 1025 3635; x_wconf 92' lang='lat' dir='ltr'><strong>ipsa</strong></span> <span class='ocrx_word' id='word_1_291' title='bbox 1041 3552 1233 3618; x_wconf 89' lang='lat' dir='ltr'><strong>documenta</strong></span> 
     </span>
     <span class='ocr_line' id='line_1_33' title="bbox 123 3629 1231 3743; baseline 0.005 -28"><span class='ocrx_word' id='word_1_292' title='bbox 123 3629 304 3728; x_wconf 60' lang='lat' dir='ltr'><strong>verbdenus</strong></span> <span class='ocrx_word' id='word_1_293' title='bbox 317 3654 518 3720; x_wconf 87' lang='lat' dir='ltr'><strong>exscriberet.</strong></span> <span class='ocrx_word' id='word_1_294' title='bbox 534 3654 640 3734; x_wconf 81' lang='lat' dir='ltr'><strong>Quum</strong></span> <span class='ocrx_word' id='word_1_295' title='bbox 656 3664 764 3717; x_wconf 89' lang='lat' dir='ltr'><strong>autem</strong></span> <span class='ocrx_word' id='word_1_296' title='bbox 781 3654 908 3717; x_wconf 88' lang='lat' dir='ltr'><strong>historia</strong></span> <span class='ocrx_word' id='word_1_297' title='bbox 920 3655 1112 3738; x_wconf 89' lang='lat' dir='ltr'><strong>perducatur</strong></span> <span class='ocrx_word' id='word_1_298' title='bbox 1130 3679 1231 3743; x_wconf 90' lang='lat' dir='ltr'><strong>usque</strong></span> 
     </span>
     <span class='ocr_line' id='line_1_34' title="bbox 122 3756 1232 3848; baseline 0.006 -30"><span class='ocrx_word' id='word_1_299' title='bbox 122 3756 158 3819; x_wconf 91' lang='lat' dir='ltr'><strong>ad</strong></span> <span class='ocrx_word' id='word_1_300' title='bbox 185 3767 328 3842; x_wconf 91' lang='lat' dir='ltr'><strong>tempora</strong></span> <span class='ocrx_word' id='word_1_301' title='bbox 353 3759 539 3844; x_wconf 86' lang='lat' dir='ltr'><strong>captivitatis</strong></span> <span class='ocrx_word' id='word_1_302' title='bbox 562 3758 773 3843; x_wconf 74' lang='lat' dir='ltr'><strong>Babylonica,</strong></span> <span class='ocrx_word' id='word_1_303' title='bbox 795 3767 906 3822; x_wconf 91' lang='lat' dir='ltr'><strong>auctor</strong></span> <span class='ocrx_word' id='word_1_304' title='bbox 928 3759 1007 3822; x_wconf 93' lang='lat' dir='ltr'><strong>alius</strong></span> <span class='ocrx_word' id='word_1_305' title='bbox 1032 3781 1099 3822; x_wconf 90' lang='lat' dir='ltr'><strong>esse</strong></span> <span class='ocrx_word' id='word_1_306' title='bbox 1121 3763 1232 3848; x_wconf 91' lang='lat' dir='ltr'><strong>nequit</strong></span> 
     </span>
     <span class='ocr_line' id='line_1_35' title="bbox 123 3859 1278 3951; baseline 0.005 -29"><span class='ocrx_word' id='word_1_307' title='bbox 123 3880 212 3944; x_wconf 91' lang='lat' dir='ltr'><strong>quam</strong></span> <span class='ocrx_word' id='word_1_308' title='bbox 233 3863 386 3925; x_wconf 86' lang='lat' dir='ltr'><strong>Jeremias</strong></span> <span class='ocrx_word' id='word_1_309' title='bbox 401 3863 560 3946; x_wconf 88' lang='lat' dir='ltr'><strong>Propheta</strong></span> <span class='ocrx_word' id='word_1_310' title='bbox 583 3872 637 3925; x_wconf 91' lang='lat' dir='ltr'><strong>aut</strong></span> <span class='ocrx_word' id='word_1_311' title='bbox 658 3863 761 3946; x_wconf 91' lang='lat' dir='ltr'><strong>potius</strong></span> <span class='ocrx_word' id='word_1_312' title='bbox 784 3859 910 3940; x_wconf 89' lang='lat' dir='ltr'><strong>Esdras,</strong></span> <span class='ocrx_word' id='word_1_313' title='bbox 933 3863 985 3946; x_wconf 89' lang='lat' dir='ltr'><strong>qui</strong></span> <span class='ocrx_word' id='word_1_314' title='bbox 1011 3884 1028 3925; x_wconf 93' lang='lat' dir='ltr'><strong>a</strong></span> <span class='ocrx_word' id='word_1_315' title='bbox 1051 3864 1231 3947; x_wconf 86' lang='lat' dir='ltr'><strong>captivitate</strong></span> <span class='ocrx_word' id='word_1_316' title='bbox 1275 3945 1278 3951; x_wconf 18' lang='grc' dir='ltr'>ι</span> 
     </span>
     <span class='ocr_line' id='line_1_36' title="bbox 65 3951 1232 4049; baseline 0.005 -27"><span class='ocrx_word' id='word_1_317' title='bbox 65 4000 68 4005; x_wconf 53' lang='lat'>2</span> <span class='ocrx_word' id='word_1_318' title='bbox 122 3961 215 4025; x_wconf 84' lang='lat' dir='ltr'><strong>redux</strong></span> <span class='ocrx_word' id='word_1_319' title='bbox 228 3965 360 4027; x_wconf 90' lang='lat' dir='ltr'><strong>multam</strong></span> <span class='ocrx_word' id='word_1_320' title='bbox 376 3986 507 4049; x_wconf 87' lang='lat' dir='ltr'><strong>operam</strong></span> <span class='ocrx_word' id='word_1_321' title='bbox 520 3951 673 4049; x_wconf 90' lang='lat' dir='ltr'><strong>impendit</strong></span> <span class='ocrx_word' id='word_1_322' title='bbox 687 3965 717 4025; x_wconf 94' lang='lat' dir='ltr'><strong>in</strong></span> <span class='ocrx_word' id='word_1_323' title='bbox 732 3961 942 4026; x_wconf 90' lang='lat' dir='ltr'><strong>instaurandis</strong></span> <span class='ocrx_word' id='word_1_324' title='bbox 960 3962 1047 4025; x_wconf 92' lang='lat' dir='ltr'><strong>libris</strong></span> <span class='ocrx_word' id='word_1_325' title='bbox 1067 3966 1173 4028; x_wconf 77' lang='lat' dir='ltr'><strong>sacris</strong></span> <span class='ocrx_word' id='word_1_326' title='bbox 1192 3966 1232 4028; x_wconf 89' lang='lat' dir='ltr'><strong>ln</strong></span> 
     </span>
     <span class='ocr_line' id='line_1_37' title="bbox 123 4063 1298 4152; baseline 0.006 -25"><span class='ocrx_word' id='word_1_327' title='bbox 123 4063 257 4129; x_wconf 86' lang='lat' dir='ltr'><strong>lavorem</strong></span> <span class='ocrx_word' id='word_1_328' title='bbox 280 4066 375 4152; x_wconf 86' lang='lat' dir='ltr'><strong>hujus</strong></span> <span class='ocrx_word' id='word_1_329' title='bbox 397 4070 557 4132; x_wconf 86' lang='lat' dir='ltr'><strong>sententiae</strong></span> <span class='ocrx_word' id='word_1_330' title='bbox 579 4068 756 4150; x_wconf 86' lang='lat' dir='ltr'><strong>allegantur</strong></span> <span class='ocrx_word' id='word_1_331' title='bbox 776 4069 880 4151; x_wconf 89' lang='lat' dir='ltr'><strong>operis</strong></span> <span class='ocrx_word' id='word_1_332' title='bbox 897 4067 988 4148; x_wconf 93' lang='lat' dir='ltr'><strong>ordo,</strong></span> <span class='ocrx_word' id='word_1_333' title='bbox 1008 4065 1168 4150; x_wconf 89' lang='lat' dir='ltr'><strong>dispositio</strong></span> <span class='ocrx_word' id='word_1_334' title='bbox 1190 4091 1230 4133; x_wconf 92' lang='lat' dir='ltr'><strong>ac</strong></span> <span class='ocrx_word' id='word_1_335' title='bbox 1296 4085 1298 4089; x_wconf 80' lang='grc'>’</span> 
     </span>
     <span class='ocr_line' id='line_1_38' title="bbox 121 4167 1230 4255; baseline 0.007 -28"><span class='ocrx_word' id='word_1_336' title='bbox 121 4167 221 4250; x_wconf 82' lang='lat' dir='ltr'><strong>stylus.</strong></span> <span class='ocrx_word' id='word_1_337' title='bbox 239 4170 362 4233; x_wconf 90' lang='lat' dir='ltr'><strong>Etenim</strong></span> <span class='ocrx_word' id='word_1_338' title='bbox 380 4181 516 4255; x_wconf 90' lang='lat' dir='ltr'><strong>quatuor</strong></span> <span class='ocrx_word' id='word_1_339' title='bbox 532 4170 604 4234; x_wconf 89' lang='lat' dir='ltr'><strong>libri</strong></span> <span class='ocrx_word' id='word_1_340' title='bbox 626 4170 714 4233; x_wconf 91' lang='lat' dir='ltr'><strong>initio</strong></span> <span class='ocrx_word' id='word_1_341' title='bbox 735 4190 834 4232; x_wconf 91' lang='lat' dir='ltr'><strong>unum</strong></span> <span class='ocrx_word' id='word_1_342' title='bbox 851 4170 1001 4232; x_wconf 87' lang='lat' dir='ltr'><strong>volumen</strong></span> <span class='ocrx_word' id='word_1_343' title='bbox 1021 4169 1161 4234; x_wconf 88' lang='lat' dir='ltr'><strong>eflecisse</strong></span> <span class='ocrx_word' id='word_1_344' title='bbox 1177 4173 1230 4235; x_wconf 85' lang='lat' dir='ltr'><strong>vi-</strong></span> 
     </span>
     <span class='ocr_line' id='line_1_39' title="bbox 32 4260 1230 4359; baseline 0.006 -27"><span class='ocrx_word' id='word_1_345' title='bbox 32 4260 34 4273; x_wconf 47' lang='lat'>*</span> <span class='ocrx_word' id='word_1_346' title='bbox 121 4267 240 4335; x_wconf 87' lang='lat' dir='ltr'><strong>dentur.</strong></span> <span class='ocrx_word' id='word_1_347' title='bbox 259 4271 420 4358; x_wconf 91' lang='lat' dir='ltr'><strong>Siquidem</strong></span> <span class='ocrx_word' id='word_1_348' title='bbox 437 4275 518 4345; x_wconf 90' lang='lat' dir='ltr'><strong>liber</strong></span> <span class='ocrx_word' id='word_1_349' title='bbox 535 4273 692 4339; x_wconf 90' lang='lat' dir='ltr'><strong>secundus</strong></span> <span class='ocrx_word' id='word_1_350' title='bbox 705 4273 844 4358; x_wconf 87' lang='lat' dir='ltr'><strong>separari</strong></span> <span class='ocrx_word' id='word_1_351' title='bbox 863 4274 971 4358; x_wconf 91' lang='lat' dir='ltr'><strong>nequit</strong></span> <span class='ocrx_word' id='word_1_352' title='bbox 988 4276 1142 4359; x_wconf 87' lang='lat' dir='ltr'><strong>aprimo;</strong></span> <span class='ocrx_word' id='word_1_353' title='bbox 1161 4274 1230 4339; x_wconf 89' lang='lat' dir='ltr'><strong>ter·</strong></span> 
     </span>
     <span class='ocr_line' id='line_1_40' title="bbox 121 4374 1230 4465; baseline 0.007 -29"><span class='ocrx_word' id='word_1_354' title='bbox 121 4374 176 4438; x_wconf 91' lang='lat' dir='ltr'><strong>tius</strong></span> <span class='ocrx_word' id='word_1_355' title='bbox 189 4384 295 4440; x_wconf 91' lang='lat' dir='ltr'><strong>autem</strong></span> <span class='ocrx_word' id='word_1_356' title='bbox 313 4376 465 4463; x_wconf 87' lang='lat' dir='ltr'><strong>adimplet</strong></span> <span class='ocrx_word' id='word_1_357' title='bbox 477 4380 640 4443; x_wconf 88' lang='lat' dir='ltr'><strong>historiam</strong></span> <span class='ocrx_word' id='word_1_358' title='bbox 657 4377 797 4461; x_wconf 90' lang='lat' dir='ltr'><strong>Davidis,</strong></span> <span class='ocrx_word' id='word_1_359' title='bbox 817 4399 915 4465; x_wconf 91' lang='lat' dir='ltr'><strong>quam</strong></span> <span class='ocrx_word' id='word_1_360' title='bbox 931 4378 1090 4443; x_wconf 88' lang='lat' dir='ltr'><strong>secundus</strong></span> <span class='ocrx_word' id='word_1_361' title='bbox 1105 4381 1230 4464; x_wconf 88' lang='lat' dir='ltr'><strong>imper-</strong></span> 
     </span>
    </p>
   </div>
   <div class='ocr_carea' id='block_1_6' title="bbox 0 0 1576 4964">
    <p class='ocr_par' dir='ltr' id='par_1_18' title="bbox 0 0 1576 4964">
     <span class='ocr_line' id='line_1_41' title="bbox 0 0 1576 4964; baseline 0 5"><span class='ocrx_word' id='word_1_362' title='bbox 0 0 1576 4964; x_wconf 95' lang='lat' dir='ltr'><strong> </strong></span> 
     </span>
    </p>
   </div>
  </div>
 </body>
</html>
