3166 4958
304 309 380 352 PARS
392 310 427 352 11.
441 307 535 350 CAFUT
547 306 593 349 111.
611 304 650 348 titt
664 304 789 348 ORIGINE
801 305 836 347 ΒΥ
847 305 1007 351 sacretur.
1022 309 1065 353 tv.
1082 308 1213 355 BVANGG.
1261 292 1324 359 Μ

237 409 272 472 2.
290 410 435 473 Nazaraei
452 418 479 470 et
501 406 659 493 Ebionr'toe.
684 405 845 488 Nazaraei,
869 427 886 468 e
906 404 1025 470 Judaeis
1047 408 1323 478 Palaestinensibus

185 508 335 595 oriundi,
354 513 421 574 solo
437 509 610 573 utebantur
626 507 763 572 Matthaei
778 508 964 592 Evangelio,
983 508 1073 594 quod
1091 513 1194 595 patria
1214 514 1324 599 lingua

186 615 411 698 conscriptum
434 622 465 676 et
484 609 645 675 nonnullis
663 608 878 673 additionibus
902 611 1130 696 locupletatum
1150 625 1183 678 ct
1201 616 1326 680 immu-

187 727 309 799 tatum,
325 714 489 780 secundnm
505 712 645 777 Hebraeos
661 710 861 776 vocitabatur
874 712 935 796 (t).
950 712 1116 796 Ebionita,
1130 716 1210 780 sicut
1222 717 1323 784 Naza-

188 820 263 901 raei,
288 818 390 882 solum
414 816 551 880 Matthaei
574 815 784 900 Evangelium
802 814 1009 899 recipiebant,
1030 837 1105 880 cum
1132 817 1195 883 bac
1214 829 1322 885 tamen

186 921 386 1002 differentia,
406 916 506 1006 quod,
527 938 603 982 oum
627 917 765 982 Nazaraei
782 917 992 1001 Evangelium
1011 920 1149 983 Matthaei
1167 921 1324 988 haberent

187 1027 477 1105 absolutissimum,
485 1022 639 1086 Ebionitre
652 1030 791 1090 econtra
804 1021 1007 1105 genealogias
1019 1034 1213 1106 resecarunt,
1223 1024 1321 1111 idque

189 1135 300 1216 ipsum
316 1151 355 1193 ne
370 1129 528 1211 integrum
545 1122 688 1210 quidem,
707 1121 761 1187 sed
777 1120 991 1186 adulteratum
1008 1133 1038 1186 et
1054 1125 1202 1189 mutilum
1219 1127 1322 1191 babe-

188 1235 274 1321 bant
291 1232 352 1316 (ἢ).
371 1231 403 1294 si
432 1238 540 1293 autem
561 1227 660 1290 Mario
679 1225 847 1289 Mercatori
871 1223 949 1288 fides
972 1235 1030 1308 cst,
1056 1226 1153 1291 Marci
1177 1238 1209 1291 et
1231 1230 1323 1293 Lucae

187 1335 382 1413 auctoritate
404 1328 564 1395 interdurn
592 1328 640 1391 usi
662 1337 735 1391 sunt
750 1326 902 1408 Ebionoei,
924 1348 998 1390 cum
1023 1327 1171 1393 videlicet
1189 1328 1222 1393 id
1246 1353 1263 1394 a
1286 1353 1321 1395 re

192 1460 255 1503 sua
273 1458 339 1501 esse
362 1431 586 1499 existimabant
610 1429 852 1513 (dicearchus
874 1438 906 1492 et
931 1429 1138 1515 Carpocrates
1162 1420 1236 1496 cum
1259 1436 1322 1497 suis
1415 1458 1418 1465 ’

188 1540 323 1606 asseclis
340 1538 408 1602 solo
423 1535 581 1616 Matthaeo,
603 1533 723 1617 illoque
748 1552 811 1595 non
829 1531 952 1616 integro
973 1530 1029 1596 sed
1049 1530 1225 1618 decurtato,
1247 1545 1323 1600 ute·

190 1645 326 1724 bantur,
351 1643 430 1705 sicut
456 1636 620 1717 Ebionaei3
647 1633 702 1699 sed
725 1634 769 1698 ab
792 1635 836 1698 eis
865 1634 898 1698 in
926 1635 989 1698 hoc
1020 1633 1212 1701 differebant
1233 1636 1320 1723 quod

191 1744 335 1810 Matthaei
351 1739 554 1826 genealogias
572 1736 793 1817 admittebant,
809 1757 889 1821 quas
901 1736 948 1799 illi
967 1748 1149 1801 resecarent
1167 1738 1227 1824 (4).

241 1848 273 1912 5.
290 1838 435 1912 Gnostici.
451 1842 638 1910 Valentinus
658 1839 791 1924 ejusque
808 1837 955 1922 discipadi
976 1847 1009 1902 et
1033 1843 1210 1924 generatim
1233 1841 1318 1907 Gno-

189 1949 278 2030 stici,
296 1944 468 2030 Evangelia
492 1940 626 2028 quidem
649 1961 713 2004 non
737 1938 963 2023 repudiabant,
984 1937 1040 2003 sed
1060 1961 1171 2004 eorum
1192 1962 1322 2005 sensum

193 2049 458 2135 corrumpebant,
477 2041 722 2123 contendentes,
730 2040 786 2105 diu
801 2051 875 2104 ante
890 2042 1082 2124 Scmlerunr,
1104 2042 1274 2127 Apostolos
1290 2045 1322 2107 in

193 2154 263 2218 suis
279 2150 400 2235 seriptis
415 2169 447 2212 se
470 2141 726 2210 accomodavisse
743 2142 830 2205 salsis
845 2163 886 2205 ac
900 2140 1123 2227 'prejudicatis
1137 2142 1322 2208 ludaeorum

192 2251 414 2341 opinionibus.
443 2274 458 2309 a
483 2250 598 2313 Dicunt
619 2246 653 2308 hi
676 2244 838 2309 vanissimi
860 2244 1020 2328 sophista,
1045 2245 1149 2331 inquit
1170 2247 1321 2331 Irenaeus,

190 2359 351 2447 quoniam
366 2354 509 2441 Apostoli
527 2372 600 2417 cum
617 2349 774 2435 hypocrisi
789 2347 934 2412 lecerunt
951 2345 1130 2413 doctrinam
1147 2348 1324 2414 secundum

194 2459 396 2527 audientium
415 2455 623 2541 capacitatem
645 2460 675 2516 et
693 2452 913 2536 responsiones
927 2449 1105 2515 secundum
1121 2452 1324 2537 interrogan-

194 2568 280 2630 tium
292 2561 523 2648 suspiciones...
540 2578 604 2621 non
617 2547 893 2641 quemadmodum
905 2552 1003 2618 babet
1015 2555 1084 2639 ipsa
1099 2557 1216 2620 veritas
1228 2555 1288 2641 (ὃ).
1306 2580 1320 2617 s

194 2671 270 2733 Imo
292 2668 326 2731 in
350 2673 473 2729 tautum
490 2666 711 2747 processerunt
734 2655 887 2741 audaciae,
907 2658 1011 2743 inquit
1030 2655 1118 2721 idem
1137 2659 1265 2740 Ductor,
1291 2667 1325 2721 ut

195 2756 319 2836 nouum
343 2766 555 2852 evangelium,
584 2759 671 2847 quod
688 2760 826 2824 veritatis
849 2758 1089 2844 nuncupabant,
1114 2760 1322 2843 confecerint,

196 2869 479 2959 gloriantesplura
496 2887 528 2929 se
546 2863 667 2928 babere
685 2883 782 2947 quam
799 2862 860 2926 sint
876 2863 945 2946 ipsa
962 2862 1163 2947 Evangelia(
1188 2861 1212 2947 ).

245 2977 277 3039 4.
295 2975 439 3036 Marcion.
457 2968 599 3033 Marcion
613 2975 644 3029 et
659 2966 715 3051 qui
731 2963 773 3028 ab
789 2985 827 3029 eo
844 2973 917 3027 sunt
928 2964 1120 3028 Marcionita
1133 2985 1171 3027 ex
1187 2973 1325 3049 quatuor

148 3104 153 3114 ·
197 3077 400 3164 Evangeliis,
425 3071 599 3160 repudiatis
621 3069 741 3152 tribus,
766 3068 869 3131 solum
893 3067 997 3149 Lucae,
1022 3068 1088 3131 imo
1111 3065 1180 3153 ejus
1201 3077 1327 3153 partem

198 3184 378 3262 dumtaxat,
397 3176 547 3263 probant,
573 3193 741 3259 suppresso
764 3181 873 3234 tamen
889 3171 1027 3235 auctoris
1042 3172 1183 3253 nomine;
1201 3171 1327 3235 nullum

166 3281 168 3285 ’
197 3287 289 3351 enim
304 3283 379 3347 huic
394 3277 523 3345 inscribi
538 3277 718 3342 voluerunt.
737 3274 807 3338 Non
828 3275 932 3337 solum
946 3283 1054 3337 autem
1068 3275 1193 3338 initium
1217 3275 1327 3337 Evan-

199 3389 277 3475 gelii
299 3395 329 3449 et
348 3401 558 3471 quaecumque
574 3379 688 3443 veteris
704 3377 893 3440 Testamenti
913 3357 1092 3442 testimonia
1110 3374 1327 3441 recitabantur

232 3595 271 3659 (t)
282 3593 344 3644 Vide
356 3603 432 3662 supra
444 3604 470 3653 p.
487 3587 549 3665 221,

235 3675 272 3739 (ἢ)
284 3673 334 3726 Cir.
346 3672 464 3732 tranans,
477 3669 576 3721 Contra
585 3668 648 3718 iroer.
662 3665 682 3727 l,
694 3665 777 3727 XXVI,
791 3664 816 3728 93
830 3664 871 3727 lll,
885 3664 925 3727 tlt,
940 3668 964 3724 ῖς
978 3664 1242 3730 Epiphanius,lloerrr.
1253 3666 1328 3734 xxx,

198 3763 227 3821 3,
243 3756 331 3818 lSll3
345 3752 479 3812 Eusebius,
492 3750 558 3801 Hist.
571 3747 642 3801 Erat.
652 3747 694 3809 lll,
708 3747 749 3798 at.

235 3841 272 3904 (5)
286 3837 342 3888 Vid.
354 3835 473 3894 Massuet,
492 3833 599 3884 Dissert.
612 3830 634 3892 1,
654 3835 708 3881 ort.
721 3830 775 3879 Sin
785 3827 853 3893 Opp.
868 3827 961 3878 Irenoer‘

233 3925 273 3986 (t)
285 3922 312 3974 S.
325 3918 565 3978 pertranseatur.
579 3912 684 3973 XXXVI,
701 3913 727 3962 S.
741 3911 907 3975 Epiphanius
919 3910 990 3961 Hoer.
1003 3910 1108 3973 tttlvlll,
1122 3913 1147 3971 ὅς
1161 3912 1235 3973 ttttx,
1247 3913 1273 3975 5,
1286 3915 1326 3965 tt.

235 4002 403 4070 (titlreuaeus
422 3999 521 4050 Contra
535 3996 598 4047 ttoer.
615 3993 657 4056 ttt,
669 3994 698 4055 V,
717 3996 741 4056 t;
758 3992 799 4050 111,
814 3992 845 4053 ll,
856 3992 882 4054 M
897 3991 939 4054 lll,
953 3990 974 4042 l.
993 3990 1102 4043 irenaeus
1115 3993 1209 4044 diserte
1222 3995 1329 4051 affirmat
1387 3992 1390 3999 '

198 4104 246 4144 eos
255 4101 316 4139 usos
324 4084 402 4135 fuisse
413 4081 548 4145 Evangelio
559 4080 586 4130 S.
599 4078 711 4129 loannis.
722 4077 759 4126 Ex
768 4088 846 4138 opere
861 4074 985 4138 gnostico,
997 4075 1039 4125 cui
1051 4075 1140 4126 titulus
1154 4095 1228 4130 uarro
1247 4094 1327 4143 aare,

193 4176 356 4226 constateos
370 4165 416 4215 alia
427 4163 503 4214 etiarn
522 4161 645 4223 recepisse
662 4157 805 4222 Evangelia,
821 4157 874 4207 imo
890 4157 1017 4220 integrum
1034 4155 1233 4224 Testamentum,
1248 4169 1278 4213 uc
1291 4176 1329 4214 os-

198 4255 267 4308 serit
277 4247 458 4307 Tertullianus,
474 4246 509 4298 tn
521 4256 632 4309 proescr.
649 4243 691 4294 58.

236 4335 276 4402 (6)
287 4332 406 4392 irenaeus,
420 4329 519 4382 Contra
528 4327 592 4378 ltoer.
604 4324 645 4388 ttt,
658 4325 700 4389 Xl,
717 4327 741 4387 t,
755 4324 779 4374 9.

1144 4406 1197 4472 ll.
