3132 4964
401 353 477 395 rans
493 355 515 395 1.
533 352 626 396 carur
640 355 704 396 x1v.
723 353 762 394 nn
779 354 869 396 muno
884 354 1092 397 uccnusrasrrs.
1250 332 1312 396 125

181 453 232 515 nis
256 462 287 516 et
304 452 401 536 ipsius
424 451 509 514 libri.
529 451 599 514 Non
619 450 724 535 magis
749 450 852 514 obstat
879 450 1057 519 differentia
1082 453 1150 537 styli
1178 474 1241 538 qua
1260 451 1312 514 hic
1393 485 1398 494 ·

181 553 302 617 libera
324 552 505 618 Proverbiis
526 562 557 616 ct
572 553 700 617 Cantico
728 551 844 616 differt.
863 553 939 617 Haec
962 555 1048 617 enim
1073 552 1249 618 differentia
1274 574 1312 616 ex

183 655 366 736 diversitate
384 657 526 719 materiae
542 665 574 720 et
588 656 686 720 aetatis
708 677 771 741 qua
788 655 940 719 Salomon
957 657 1118 740 scripserit
1140 648 1311 741 repetenda

180 758 320 823 videtur.
338 757 433 840 Quod
446 757 586 844 denique
603 748 769 843 opponunt
784 756 971 841 adversarii,
989 760 1022 822 in
1038 760 1226 823 Ecclesiaste
1243 780 1313 822 ser-

182 883 314 926 monem
338 884 405 926 csse
421 863 463 926 de
475 861 640 948 judicibus
658 863 843 925 innocentes
867 861 1120 946 opprimentibus
1140 860 1227 925 etde
1245 862 1314 925 aliis

182 966 319 1029 miseriis
342 985 413 1051 quae
437 965 469 1028 in
493 974 636 1048 tempora
662 963 841 1026 Salomonis
864 964 969 1025 minus
992 961 1162 1047 quadrent,
1188 961 1230 1025 ad
1252 963 1314 1026 ltoc

183 1065 408 1151 respondetur,
433 1074 658 1151 argumentum
687 1065 759 1128 libri
783 1085 850 1127 csse
874 1064 1047 1148 gencrale,
1075 1063 1167 1128 etad
1190 1073 1314 1127 certum

182 1168 310 1254 tempus
326 1191 390 1233 non
403 1170 561 1254 restringi.
581 1169 659 1250 Quis
677 1177 784 1232 autem
801 1168 900 1231 nescit
913 1169 1108 1248 vexationes,
1123 1168 1311 1248 calumnias,

182 1273 328 1357 aliasque
355 1272 497 1335 miserias
526 1271 656 1356 singulis
684 1269 827 1334 aetatibus
856 1291 923 1333 esse
954 1269 1167 1333 communes?
1201 1270 1313 1332 Nonne

184 1378 270 1439 circa
286 1385 431 1459 tempora
446 1375 624 1438 Salomonis
640 1372 786 1438 videmus
799 1373 959 1436 Scmcium
976 1371 1089 1436 Davidi
1106 1371 1311 1448 maledicere,

183 1479 392 1543 Absalomem
406 1478 576 1561 rebellare,
592 1477 766 1543 Jeroboam
779 1485 890 1541 contra
901 1476 1106 1541 Salomonem
1119 1477 1224 1560 ipsum
1240 1497 1314 1538 ma-

183 1603 265 1645 num
289 1582 409 1665 levare,
427 1590 458 1645 et
479 1582 543 1645 alia
559 1579 769 1666 hujusmodi?
787 1580 870 1644 Hinc
886 1601 993 1643 errare
1017 1588 1104 1663 patet
1120 1578 1265 1643 Grotium
1284 1589 1315 1640 ct

183 1693 258 1769 post
282 1705 356 1747 eum
374 1684 611 1766 Rosenmirller,
628 1680 750 1764 Euald,
770 1683 816 1745 lle
835 1683 955 1763 Wcttc,
974 1682 1117 1766 aliosque
1133 1681 1315 1745 Rationali-

183 1796 261 1870 stas,
280 1787 336 1872 qui
361 1787 521 1872 hocopus
549 1788 667 1851 seriore
690 1794 793 1867 aetate,
818 1786 903 1849 circa
926 1784 1023 1848 tinem
1048 1785 1167 1848 scilicet
1190 1786 1314 1869 imperii

186 1889 308 1957 Persici
325 1899 356 1953 et
372 1890 494 1953 initium
511 1889 706 1953 monarchiae
719 1888 847 1970 Graecae,
864 1888 1047 1952 consectum
1069 1887 1150 1950 l'also
1168 1886 1227 1950 sub
1252 1908 1315 1950 no-

187 1993 277 2056 minc
294 1992 472 2056 Salomonis
491 1993 673 2077 opinantur.
700 1992 896 2075 Argumenta
913 1991 998 2055 cuim
1023 2012 1094 2075 quae
1117 1989 1254 2054 afferunt
1275 2011 1313 2052 ex

188 2092 298 2158 indole
316 2095 471 2159 sermonis
486 2105 541 2159 aut
556 2116 595 2158 ex
616 2094 689 2158 libri
704 2103 893 2179 argumento
905 2096 983 2157 tanti
999 2092 1149 2178 ponderis
1161 2114 1225 2157 non
1242 2103 1315 2157 sunt

187 2205 225 2259 ut
240 2197 370 2260 valeant
382 2196 579 2261 constantem
598 2204 631 2259 et
646 2205 834 2280 perpetuam
856 2194 1057 2260 traditionem
1075 2196 1143 2279 ipso
1159 2194 1242 2258 libro
1259 2194 1314 2258 lir-

188 2305 312 2361 matam
328 2308 470 2362 evertere
487 2297 547 2384 (1).

235 2399 266 2461 5.
296 2400 409 2484 Scopas
438 2413 465 2464 et
484 2401 650 2490 methodus.
673 2403 720 2464 Ex
739 2411 928 2485 argumento
951 2421 1049 2485 supra
1067 2403 1208 2486 exposito
1228 2409 1316 2485 patet

189 2510 294 2566 totum
309 2502 382 2566 libri
396 2524 529 2587 scopum
542 2503 584 2567 ad
599 2504 683 2567 hanc
696 2504 944 2588 propositionem
961 2501 1072 2568 reduci
1087 2526 1095 2566 z
1111 2503 1217 2568 omnia
1234 2512 1316 2568 vana·

189 2611 265 2667 sunt
280 2612 347 2667 tum
362 2605 396 2667 in
408 2603 529 2668 mundo
547 2614 615 2668 tum
630 2606 663 2667 in
677 2605 820 2685 homine,
836 2604 982 2690 adeoque
998 2606 1078 2668 nihil
1094 2625 1219 2687 verum,
1236 2604 1317 2667 nihil

191 2715 351 2789 constans,
366 2708 445 2771 nihil
457 2706 579 2792 grande
596 2717 627 2772 ct
639 2718 791 2792 praestans
803 2709 924 2773 homini
938 2710 1038 2772 inesse
1054 2718 1167 2793 potest,
1182 2719 1316 2792 praetcr-

189 2828 289 2892 quam
312 2809 424 2872 timere
439 2810 542 2872 Deum
564 2831 602 2873 ac
628 2808 785 2873 mandatis
808 2809 877 2895 ojus
899 2809 1133 2894 obtemperare,
1152 2819 1187 2872 ut
1207 2829 1316 2872 coram

184 2910 296 2995 judice
325 2914 432 2976 futuro
456 2923 538 2976 stare
573 2914 681 2997 pessit.
707 2913 799 2976 Hanc
834 2921 939 2975 autom
975 2914 1223 2996 propositionem
1251 2934 1316 2975 non

189 3015 340 3078 continuo
357 3016 522 3080 ratiocinio
535 3016 663 3097 evolvit,
682 3013 735 3077 scd
753 3037 811 3098 per
830 3015 1065 3105 inquisitionem
1082 3015 1167 3077 eirca
1180 3035 1231 3077 rcs
1244 3035 1327 3098 quae.

188 3126 355 3202 geruntur.
377 3118 658 3182 observationibus
677 3126 784 3181 autem
801 3118 958 3181 immiscet
976 3119 1065 3180 varia
1083 3138 1210 3181 morum
1229 3137 1315 3201 prae-

189 3228 283 3303 cepta
311 3220 427 3306 quibus
459 3220 699 3306 quodammodo
724 3220 924 3284 ratiocinium
948 3220 1199 3304 interrumpitur.
1230 3219 1323 3307 Illud⁸

187 3335 298 3391 autem
311 3349 384 3391 cum
396 3328 429 3392 S.
441 3327 595 3413 Gregorio
610 3329 724 3413 Magno
738 3327 786 3413 (2)
798 3326 974 3391 notandum
988 3348 995 3389 ε
1010 3351 1025 3385 a
1044 3326 1130 3407 Quot
1146 3327 1315 3407 sententias

178 3431 246 3514 per
265 3431 491 3514 inquisitionem
511 3441 630 3514 movet,
649 3434 737 3517 quasi
760 3439 806 3495 tot
828 3432 860 3494 in
883 3451 916 3493 sc
941 3451 1093 3515 personas
1115 3428 1314 3494 diversorum

197 3719 199 3722 ’
224 3725 260 3790 (1)
272 3722 436 3778 Ecclesiasten
453 3729 592 3780 Salomonis
609 3741 663 3779 esse
679 3738 791 3792 negant,
810 3729 894 3793 inquit
909 3729 1008 3779 Reusch
1024 3729 1137 3792 (Eintc't.
1154 3726 1221 3792 §tt
1237 3741 1261 3776 n.
1277 3725 1314 3788 ll,

187 3821 241 3860 non
254 3814 353 3859 tanturn
368 3811 546 3870 Rationalistae‚
556 3811 600 3862 sed
614 3812 657 3863 alii
669 3812 745 3862 etiam
756 3812 935 3871 Protcstantes
947 3811 1146 3874 llengsteuberg‚
1163 3808 1313 3867 Riserunt,

186 3888 255 3949 Keil,
267 3889 504 3952 Ituna-belismen,
513 3892 556 3943 alii
566 3911 573 3951 ;
585 3893 712 3943 recentius
726 3906 784 3943 eum
801 3892 927 3944 Salomoni
939 3893 1084 3942 tribuerunt
1098 3905 1103 3940 :
1116 3891 1186 3951 Bobl,
1200 3889 1234 3938 Dc
1248 3903 1313 3938 are-

185 3973 308 4022 maismis
319 3972 380 4023 libri
396 3973 523 4035 linteati,
536 3974 638 4037 Erlang.
653 3974 734 4026 1860:
747 3975 828 4034 llahn,
842 3975 982 4025 comment.
994 3974 1020 4033 6,
1033 3982 1059 4023 et
1070 3974 1218 4034 Hiilemanu,
1231 3970 1314 4021 nitu-
1357 4008 1358 4013 η

184 4052 299 4103 studione.
316 4053 384 4116 Lips.
400 4054 473 4116 1860,
486 4053 516 4115 ll,
532 4054 573 4105 ib.
588 4055 625 4105 Ex
639 4056 820 4106 recentioribus
832 4056 961 4107 catholicis
976 4055 1122 4107 doctoribus
1135 4054 1206 4114 Jahn,
1222 4054 1313 4104 lierbst

185 4141 216 4184 et
230 4133 336 4197 Mosen,
357 4136 515 4189 Salomonem
533 4145 662 4189 auctorem
683 4147 792 4202 negant3
806 4139 898 4200 Welte,
916 4140 1012 4201 Schola,
1032 4140 1171 4201 uairenerg,
1187 4139 1272 4188 naulo
1287 4147 1314 4189 et

184 4218 242 4268 Von
254 4217 343 4279 Esscn,
355 4220 508 4271 contrarium
526 4219 673 4272 detendunt.
688 4239 699 4270 i
712 4222 749 4273 De
763 4229 866 4273 auctore
880 4221 1037 4273 Ecclesiastis
1050 4221 1105 4272 fuse
1120 4223 1171 4286 ogit
1183 4220 1272 4271 Motais
1286 4221 1313 4269 in

184 4312 266 4364 opere
281 4312 358 4363 supra
371 4301 492 4352 indicato.

222 4380 257 4447 (t)
270 4381 338 4433 Dial.
353 4381 395 4444 Ν,
407 4383 432 4433 l.
