3132 4964
282 295 347 362 roo
514 314 715 358 strnouuorro
731 314 924 357 sisciensis
943 315 971 357 s.
989 315 1189 360 summumst.

281 414 392 480 divina
404 423 558 500 provocat
572 414 632 500 (1).
650 414 707 476 His
723 413 807 479 adde
823 414 976 478 Basilium
992 414 1053 500 (2),
1067 405 1257 499 Gregorium
1271 410 1416 476 Nazian-

282 537 409 600 nenum‚
425 514 608 601 Didymum,
628 515 854 601 Augustinum,
873 516 1145 602 Chrysostomum,
1163 516 1271 579 alios'

328 619 381 682 11.
400 616 472 702 Otj.
493 618 613 682 Auctor
630 618 722 682 nohis
748 627 953 703 representat
972 616 1137 709 Estherem
1158 628 1313 705 tanquam
1334 640 1418 683 mu-

285 720 397 784 lierem
412 729 533 784 castam
545 742 583 784 ac
599 720 790 805 piissimam;
803 730 957 803 attamen,
972 731 1083 786 contra
1100 722 1320 807 prescriptum
1333 721 1419 807 legis

284 824 440 907 Mosaicae,
458 823 571 887 Esther
592 824 698 908 nupsit
717 824 785 909 regi
805 824 914 909 gentili
936 834 969 888 et
992 823 1245 889 crudelissimam
1261 845 1296 888 se
1316 825 1417 888 exhi-

282 925 353 990 huit
377 947 452 1011 erga
467 924 580 990 decem
596 924 677 989 filios
698 925 815 1007 Amen,
834 948 916 1012 quos
939 929 1124 991 innoeentes
1146 926 1242 990 morti
1265 924 1414 990 tradidit.

282 1030 414 1092 Divinus
431 1051 499 1093 esse
514 1031 626 1115 nequit
644 1028 726 1093 iiber
741 1030 775 1092 in
790 1051 855 1115 quo
872 1030 944 1094 talis
956 1027 1074 1114 agendi
1085 1022 1167 1093 ratio
1180 1026 1343 1094 laudatur.

327 1131 380 1194 ta.
406 1132 495 1215 Resp.
525 1132 647 1195 Auctor
669 1153 734 1195 non
753 1131 830 1196 dicit
848 1132 1013 1196 Estherem
1029 1133 1133 1196 ¹fuisse
1150 1128 1413 1216 impeecahilemss

281 1233 382 1317 Igitur
395 1234 520 1296 etiamsi
536 1234 648 1297 Esther
665 1234 774 1318 aliqua
794 1235 828 1297 in
848 1255 884 1298 re
900 1226 1078 1317 deiecisset,
1100 1233 1163 1297 hoc
1183 1254 1249 1296 non
1266 1231 1415 1298 officeret

282 1334 355 1398 iibri
372 1331 540 1399 divinitati.
559 1337 596 1398 In
614 1335 749 1421 objectis
768 1345 877 1401 tamen
895 1336 1019 1401 casibus
1035 1337 1223 1421 interpretes
1243 1335 1414 1399 Estherem

283 1438 370 1500 omni
394 1458 484 1502 uaevo
508 1448 670 1523 expertem
686 1461 755 1503 esse
774 1439 965 1504 defendunt.
983 1439 1136 1522 Quamvis
1157 1439 1242 1503 enim
1265 1439 1316 1502 lex
1336 1439 1414 1502 Μο-

282 1538 367 1602 saiea
391 1537 576 1623 eonjugium
593 1562 668 1604 oum
684 1544 843 1606 extraneis
866 1541 1062 1628 prohiberet,
1081 1551 1202 1625 tamen,
1220 1539 1265 1605 ob
1282 1541 1413 1626 gravis-

279 1642 377 1705 simas
393 1656 516 1725 causas,
533 1652 657 1707 remoto
670 1642 861 1709 seductionis
876 1646 1032 1730 periculo,
1054 1643 1130 1708 huic
1145 1644 1208 1728 legi
1226 1664 1290 1708 non
1308 1645 1411 1708 semel

281 1744 470 1830 derogatum
505 1747 576 1812 iuit.
612 1749 681 1812 Imo
716 1738 824 1833 piures
859 1750 1047 1834 interpretes
1081 1756 1190 1811 tenent
1215 1747 1408 1830 Estherem,
1509 1752 1513 1763 “

279 1849 429 1913 instinctu
451 1849 559 1914 divino
581 1849 623 1914 ad
645 1850 848 1916 liberandum
873 1873 966 1916 suum
986 1851 1153 1936 populum·
1166 1870 1341 1934 regemque
1363 1846 1409 1912 ad
1546 1846 1547 1865 ¹

280 1953 494 2037 cognitionem
525 1956 592 2018 veri
625 1956 681 2018 Dei
706 1954 933 2021 adducendum
960 1954 1003 2019 ad
1026 1954 1199 2018 Assuerum
1222 1954 1404 2017 accessisse.

278 2054 376 2135 Quod
395 2065 502 2120 autem
517 2058 551 2120 in
566 2058 671 2122 hostes
688 2058 873 2124 Judseorum
893 2060 1006 2124 Esther
1024 2059 1200 2142 saeviit‘rhoe
1219 2058 1409 2121 auctoritate
1496 2108 1503 2116 ,

280 2157 410 2242 publica
430 2157 472 2222 ad
496 2145 639 2225 salutem
653 2161 840 2227 Judaeorum
864 2163 951 2247 fecit,
974 2161 1122 2247 adeoque
1146 2161 1319 2225 inhaere
1342 2180 1409 2224 non

278 2263 425 2346 peccavit
440 2262 500 2349 (5).

233 3078 275 3181 1⁹
291 3060 354 3217 (i.
367 3061 609 3211 Qrpunrentum.
627 3111 688 3175 Hic
712 3110 794 3175 liber
816 3120 926 3176 narrat
948 3133 1111 3177 sermones
1134 3124 1165 3178 et
1182 3116 1312 3181 virtutes
1328 3086 1526 3189 san-‘''mffi

278 3218 408 3283 etissimi
438 3218 495 3280 viri
518 3215 592 3298 Job,
611 3215 678 3300 qui,
698 3214 755 3278 Dei
784 3216 953 3299 permissu,
973 3215 1066 3279 bonis
1089 3214 1225 3282 fortunae
1243 3220 1482 3305 spoliatum,
1546 3206 1549 3216 ¹

278 3320 387 3384 liberis
403 3318 545 3402 orbatus,
563 3317 728 3382 doloribus
747 3319 891 3403 eorporis
907 3338 1088 3403 oppressus,
1107 3329 1204 3405 atque
1221 3322 1307 3385 omni
1323 3320 1479 3405 arti-a„
1503 3362 1513 3401 1

310 3523 348 3585 ot
363 3520 448 3584 apsi.
466 3519 499 3569 ss
514 3519 550 3568 aa
567 3517 730 3576 rammact.;
742 3517 827 3582 apro.
846 3516 894 3568 rso
912 3518 947 3568 aa
961 3518 1133 3579 nemetensi
1148 3520 1178 3569 a
1191 3520 1254 3571 itas.
1270 3522 1288 3572 1.
1309 3500 1359 3584 ir,
1378 3374 1547 3591 aad&

278 3603 371 3657 Ezeeh.
387 3601 406 3651 Ι.
419 3603 443 3651 8,
1525 3600 1533 3617 ‘

217 3728 219 3731 ,
310 3684 347 3746 (e)
367 3686 394 3736 S.
409 3683 523 3742 Basilius,
543 3683 643 3733 Contra
659 3681 770 3732 Eunom.
786 3679 817 3740 ll,
834 3680 865 3730 te
882 3695 889 3743 ;
910 3682 936 3731 S.
957 3680 1095 3745 Gregorius
1111 3683 1181 3743 Nan,
1197 3685 1288 3736 Curru.
1306 3689 1342 3738 ud
1356 3690 1407 3741 Se·
1466 3687 1471 3700 “

278 3768 340 3818 teuc.
363 3772 390 3816 et
409 3766 499 3816 Carm.
516 3764 557 3826 65,
576 3778 598 3812 r.
619 3762 684 3823 2913
703 3762 834 3826 Didymus,
852 3762 992 3814 Catenates
1014 3764 1085 3814 Prot.
1109 3764 1150 3835 itt,
1170 3768 1218 3830 ts;
1239 3768 1406 3834 Augustinus,

277 3850 364 3915 Epist.
377 3848 433 3910 rea
448 3849 474 3899 S.
492 3846 694 3910 chrysostomus,
711 3845 785 3894 Hom.
800 3845 847 3904 m,
861 3845 897 3895 nd
904 3847 995 3910 popul.
1011 3846 1126 3896 tutiori.

308 3931 346 3992 (ὅ)
367 3929 529 3980 Difficultates
542 3928 636 3978 solutas
650 3926 707 3975 ride
720 3938 762 3988 ap.
775 3926 860 3987 Veith,
876 3925 1016 3991 Scriptura
1027 3926 1056 3978 S.
1073 3934 1168 3980 costra
1177 3932 1325 3984 incredulos
1339 3950 1408 4000 pro-

274 4018 401 4079 pupnota,
420 4019 483 4076 part.
501 4011 542 4074 tu,
557 4016 618 4060 sect.
631 4011 657 4059 5.

311 4092 346 4157 (t)
358 4093 409 4143 Cir.
420 4093 524 4153 Finem,
540 4089 748 4143 Commentarius
759 4090 787 4139 tn
797 4089 854 4140 tot.
869 4089 972 4150 Mariti,
989 4090 1061 4151 15973
1076 4092 1168 4155 Wette,
1184 4096 1238 4147 Dur
1257 4097 1327 4149 Eucti
1346 4098 1408 4155 tob.

277 4174 403 4238 trisingi,
416 4174 489 4235 tata
502 4174 578 4225 sarie
595 4172 787 4223 dissertationes
798 4185 856 4235 quae
870 4171 1036 4224 inveniuntur
1045 4174 1071 4223 in
1086 4184 1105 4226 t.
1117 4176 1149 4228 VI
1162 4180 1245 4241 operis
1258 4183 1333 4245 vulgo
1344 4183 1409 4234 dicti

276 4256 344 4310 13th.
360 4259 391 4308 de
409 4257 591 4309 vincereris.
610 4256 690 4316 {7703
706 4261 733 4305 et
746 4255 772 4304 in
787 4255 899 4306 editione
915 4255 1131 4310 Commentarior.
1148 4260 1256 4313 Cornelii
1269 4276 1284 4313 a
1300 4264 1406 4327 Lepide.

276 4339 358 4402 Paris,
373 4339 456 4403 virts,
472 4338 553 4404 1861;
569 4338 670 4400 Lehire,
686 4339 717 4390 te
728 4338 793 4389 tiore
803 4336 899 4402 delet,
911 4337 991 4406 Puris,
1009 4338 1081 4390 tart.
