3132 4964
1030 86 1164 302 dii
1318 249 1328 285 .

430 322 505 365 PARS
525 323 548 364 1.
569 321 662 364 cartu
679 321 723 363 lx.
739 321 777 363 uti
789 321 879 364 nlntio
893 322 1017 366 aarum.
1173 247 1189 300 Ι
1197 134 1298 407 ss

159 407 277 487 revera
301 431 412 508 captus
435 423 495 487 fuit
518 429 549 484 et
572 442 670 505 pravo
693 420 726 482 in
750 441 821 483 eam
844 442 955 485 amore
978 423 1116 505 exarsit5
1139 432 1172 488 at
1196 447 1291 492 causa

158 526 264 590 illiciti
287 526 406 590 amoris
428 545 493 589 non
519 524 579 587 fuit
601 531 730 586 ornatus
754 531 784 585 et
808 522 1035 607 pulchritudo,
1062 514 1117 590 sed
1141 539 1292 614 corrupta

102 702 105 708 ¹
159 628 301 694 hominis
325 637 451 694 natura.
477 626 589 692 Judith
612 635 718 690 autem
742 647 775 690 sc
797 625 911 690 hahuit
933 629 1117 712 permissive
1142 614 1194 693 ad⁴
1209 630 1290 696 illud

56 772 60 782 ι
158 732 285 796 malum
308 740 440 817 propter
457 729 562 816 majus
578 730 699 793 honum
718 728 806 814 quod
822 728 1017 794 intendebat.
1037 731 1107 796 Hoc
1131 734 1290 819 colligitur

158 857 198 899 ex
223 835 294 920 ipso
317 834 424 917 libro,
458 834 491 896 in
516 854 579 922 quo
610 833 749 896 refertur
772 832 874 896 Deum
899 832 1127 918 pulchritudini
1151 835 1289 900 Judithtc

158 935 367 1022 splendorem
395 934 576 1018 contulisse,
596 934 672 1019 quia
692 955 757 998 non
782 955 820 998 ex
840 934 962 998 libidine
984 934 1041 1001 sed
1062 957 1102 1000 ex
1125 940 1234 1001 virtute
1256 960 1290 1003 se

159 1046 374 1104 exornaverat
390 1037 450 1124 (i).
465 1037 576 1102 Merito
598 1038 693 1122 igitur
713 1037 823 1101 Patres
837 1035 975 1101 iudithae
993 1039 1168 1103 castitatem
1183 1042 1289 1105 extol-

160 1143 232 1205 lunt
252 1162 350 1227 quam
366 1141 518 1206 intactam
542 1140 738 1204 nobilissima
754 1139 851 1203 vidua
875 1141 1023 1204 servavit.
1041 1140 1093 1205 An
1108 1144 1289 1227 peccaverit

158 1238 285 1307 iudith·
299 1263 399 1328 quum
426 1243 536 1326 patria
554 1262 776 1326 oppressorem
792 1240 867 1305 dolo
891 1263 929 1306 ac
952 1243 1086 1306 fallaciis
1109 1241 1290 1328 decapitat

157 1344 333 1430 deceptum
351 1345 520 1425 interemit,
546 1365 612 1407 nou
635 1344 828 1408 conveniunt
849 1353 1006 1409 auctores.
1033 1346 1112 1408 Sunt
1133 1347 1189 1431 qui
1214 1367 1287 1410 cum

44 1452 49 1457 ’
158 1447 269 1513 Glaire
281 1447 330 1533 (2)
340 1446 479 1511 Judithae
497 1446 666 1511 mendacia
678 1445 720 1510 ad
738 1456 962 1531 strategemata
975 1447 1092 1511 bellica
1103 1448 1191 1512 hisce
1203 1456 1289 1511 tem-

158 1549 293 1634 poribus
316 1557 352 1612 ut
373 1549 457 1613 licita
475 1548 614 1612 admissa
639 1549 798 1632 pertinere
821 1557 945 1633 putant.
966 1548 1029 1612 Alii
1049 1570 1123 1613 cum
1139 1549 1223 1614 Estio
1240 1549 1289 1636 (ὅ)

30 1636 44 1721 ’,
159 1661 275 1736 putant
287 1673 360 1716 eam
375 1672 438 1714 non
455 1653 598 1725 excusari
614 1672 632 1714 a
646 1649 813 1715 mendacio
826 1649 977 1716 officioso.
993 1651 1211 1737 Quaecumque
1228 1649 1289 1715 ad-

160 1753 307 1816 mittatur
333 1755 510 1837 sententia,
540 1754 614 1818 libri
637 1754 800 1839 inspiratio
826 1776 890 1819 non
917 1753 1052 1820 laeditur.
1082 1779 1097 1814 a
1124 1753 1285 1840 Quidam,

160 1856 265 1940 inquit
278 1856 311 1920 S.
330 1857 467 1921 Thomas
484 1857 543 1942 (4),
560 1857 825 1922 commendantur
841 1857 1064 1942 inscriptura,
1080 1879 1146 1922 non
1157 1868 1288 1943 propter

24 2036 26 2049 γ
160 1958 340 2040 perfectam
363 1959 523 2042 virtutem,
549 1960 604 2024 sed
628 1970 759 2045 propter
783 1960 957 2045 quamdam
982 1961 1104 2025 virtutis
1131 1959 1285 2045 indolem,

39 2097 45 2102 ·
161 2061 282 2124 scilicet
294 2062 370 2146 quia
387 2062 563 2147 apparebat
578 2064 610 2126 in
629 2064 672 2126 eis
692 2064 807 2148 aliquis
821 2062 993 2127 laudabilis
1011 2061 1153 2144 affectus,
1170 2084 1210 2126 ex
1222 2085 1287 2149 quo

160 2162 376 2227 movebantur
391 2163 433 2227 ad
449 2163 597 2249 quadam
613 2164 754 2229 indebita
773 2163 932 2246 lacienda3
947 2175 978 2228 et
990 2165 1052 2229 hoc
1064 2163 1162 2229 modo
1176 2163 1287 2228 iudith

159 2265 323 2350 laudatur,
339 2288 402 2331 non
415 2269 491 2354 quia
507 2270 639 2332 mentita
651 2278 697 2333 est
713 2270 893 2352 Holofemi,
907 2267 961 2333 sed
980 2277 1111 2353 propter
1122 2267 1285 2342 affectum,

159 2390 258 2455 quam
270 2369 384 2435 hahuit
396 2368 437 2435 ad
454 2372 589 2435 salutem
601 2373 724 2458 populi,
740 2394 799 2458 pro
813 2394 877 2458 qua
889 2373 1039 2458 perieulis
1051 2394 1084 2436 se
1097 2373 1252 2457 exposuit.
1266 2396 1286 2434 ¹»

594 2757 762 2838 curor
791 2759 860 2836 rx.

944 2956 1057 3023 „ain
1075 2908 1220 3013 ‚43st
1235 2892 1275 2986 ti
1291 2842 1365 2986 ii

540 3002 578 3043 nu
601 3001 691 3044 muno
714 3000 828 3043 esrum
851 2976 911 3064 (b).

98 3200 119 3255 ·'
206 3214 239 3278 l.
258 3157 572 3300 Arpnmentnmffic
595 3211 677 3276 liber
698 3209 864 3273 historiam
888 3207 1028 3272 continet
1050 3204 1202 3288 Estheris,
1221 3204 1289 3268 vir·
1377 3176 1474 3321 757⁵?st

161 3318 245 3402 ginis
261 3317 390 3402 Judaeae,
411 3337 509 3403 quam
529 3315 696 3397 Assuerus,
715 3314 890 3377 Persarum.
910 3320 1008 3397 atque
1026 3307 1193 3373 Medorum
1217 3329 1286 3390 rex,
1371 3316 1419 3409 ht

128 3471 142 3499 ,
161 3420 331 3506 repudiata
344 3420 454 3488 Vasthi
472 3420 595 3504 regina,
614 3415 673 3482 sihi
690 3417 722 3481 in
738 3416 978 3481 matrimonium
994 3412 1156 3498 copulavit
1171 3431 1289 3496 regno·

196 3619 232 3684 (i)
244 3619 339 3680 Iudith,
356 3618 386 3680 X,
398 3618 431 3677 43
449 3617 499 3669 Cui
515 3619 592 3668 eiiam
613 3603 739 3669 liontinus
756 3614 862 3664 contulit
878 3613 1046 3677 opimiorem,
1058 3611 1122 3676 quio
1136 3609 1222 3662 omnis
1237 3610 1290 3660 ista

23 3762 25 3765 Ι
162 3700 315 3764 compositio
324 3712 377 3749 non
391 3711 424 3751 en
437 3697 551 3758 libidine,
563 3699 608 3748 sed
619 3710 652 3747 ra
661 3697 757 3747 virtute
766 3694 902 3762 pendebat.

89 3814 93 3820 ,
196 3781 233 3845 (ἓ)
247 3767 391 3832 introduct.
405 3787 424 3831 t.
441 3779 483 3839 iii,
497 3793 520 3830 c.
532 3780 595 3841 viii,
610 3792 634 3829 a.
647 3779 671 3829 6.
771 3806 773 3811 -

23 3878 25 3889 “
40 3866 46 3875 ’
195 3867 233 3926 (5)
248 3865 279 3915 in
292 3864 348 3913 ioco
358 3861 547 3929 diffinitiorned
560 3876 614 3925 cap.
629 3862 660 3922 X,
671 3862 696 3911 i.

138 4010 141 4011 ⁷
195 3945 232 4010 (i)
244 3945 353 4001 Summo
363 3945 438 3996 tbeoi.
448 3944 476 3994 2⁸
486 3944 527 4006 2⁸,
543 3951 635 4008 quast.
648 3944 699 4005 Cli,
710 3950 758 3994 art.
773 3944 798 3993 5.

51 4078 53 4087 ,
195 4025 232 4091 (5)
244 4025 295 4076 Gir.
312 4026 492 4090 Ghiringhello.
509 4026 545 4078 Da
556 4026 600 4077 lib.
617 4026 709 4077 histor.
722 4024 755 4075 A.
771 4025 802 4075 F.
815 4037 838 4074 c.
854 4021 895 4084 xi3
908 4022 1006 4082 Schola,
1019 4019 1123 4071 EinIeit.
1139 4023 1160 4067 t.
1170 4014 1201 4078 ll,
1214 4028 1236 4066 c.
1247 4013 1290 4077 xi3

163 4109 264 4170 Nicias,
277 4108 313 4159 lie
325 4108 442 4160 Eotbrrae
456 4108 531 4171 libro,
550 4109 645 4170 nome,
662 4108 734 4166 185&
751 4108 788 4157 lle
801 4105 882 4167 Rossi‚
898 4104 1033 4169 Spectmen
1047 4101 1075 4152 S.
1094 4099 1195 4160 Tettius,
1214 4097 1293 4149 Cbni·

164 4191 243 4241 daton
256 4189 374 4240 Etiberis
384 4191 571 4252 additamenta,
585 4190 670 4241 llomae
685 4185 758 4248 17823
774 4189 886 4251 Langen,
903 4184 950 4235 Die
965 4183 1134 4234 Deuterocnn.
1145 4175 1236 4229 Siticbe
1250 4177 1294 4227 dea

165 4272 261 4322 umber
282 4271 384 4335 Esther,
410 4273 527 4337 Friburg.
550 4271 632 4333 18623
661 4273 830 4335 baumgarten
853 4269 896 4336 (ex
924 4264 1090 4329 acatholicis),
1108 4260 1144 4313 lie
1160 4260 1208 4324 {ida
1234 4257 1296 4308 iibri

62 4368 64 4375 ·
165 4353 291 4415 Eaiberoe,
307 4353 384 4420 llahs,
397 4355 469 4406 1839.
1102 4356 1107 4367 '

1130 4430 1163 4504 5.
