3168 4948
279 265 341 328 284
492 286 692 328 mruouucrro
715 285 863 328 srsemms
885 272 918 326 us
940 286 965 327 s.
991 285 1190 329 semmurum.

277 385 309 447 S.
328 384 497 469 Hippolyto
514 382 645 466 tributo,
665 384 783 470 quibus
806 382 959 448 accedere
978 384 1102 448 videtur
1124 385 1157 449 S.
1181 387 1322 452 Justinus
1340 388 1408 475 (l).

276 483 341 546 Nec
360 483 490 546 omnino
507 493 688 568 repugnant
705 483 858 547 Eusebius
873 493 903 547 et
918 483 1143 569 Hieronymus.

321 586 374 648 lt.
397 586 521 648 Etenim
541 586 696 649 Eusebius
725 587 758 650 in
788 586 871 669 loeo,
895 607 992 672 quem
1016 584 1126 672 objicit
1148 588 1412 654 Tischendorfius

277 697 309 751 et
326 709 422 773 quem
439 709 503 751 non
517 688 651 773 integre,
669 698 704 752 ut
719 688 892 771 debuisset,
909 689 1031 772 recitat,
1051 691 1096 753 sic
1114 690 1254 775 loquitur
1271 714 1279 754 ε
1304 717 1319 751 r
1340 692 1411 774 Qui

278 791 452 876 capitulum
471 791 589 875 ipsum,
607 789 703 855 idest
723 791 908 874 sectionem,
930 792 1045 878 inqua
1064 791 1097 855 id
1124 804 1281 875 narratur,
1303 793 1410 878 delet,

277 893 354 958 dicit
369 914 440 957 cam
457 916 521 957 non
538 895 570 957 in
586 897 707 959 cunctis
723 894 835 958 baberi
854 895 1092 979 exemplaribus
1105 897 1267 980 Evangelii
1285 919 1411 963 meun-

277 998 354 1063 dum
371 999 526 1062 Marcum.
542 998 690 1063 Accurati
708 1001 793 1063 enim
810 997 938 1062 codices
948 999 1112 1063 historiam
1128 999 1303 1064 secundum
1316 1002 1411 1064 Mar-

278 1122 352 1165 cum
366 1099 562 1165 concludunt
575 1103 649 1165 in...
664 1104 781 1164 ricinini
790 1102 956 1188 quidquam
969 1102 1121 1165 dicerunt.
1140 1102 1296 1165 Timebant
1308 1103 1408 1165 enim.

277 1203 347 1266 Hoc
360 1203 446 1265 enim
467 1203 499 1264 in
517 1203 588 1267 loco
605 1204 637 1265 in
660 1202 808 1267 omnibus
824 1202 1060 1286 exemplaribus
1078 1203 1287 1288 Evangelium
1305 1205 1411 1269 Marci

279 1304 491 1370 concluditur.
516 1307 688 1392 Sequentia
712 1316 820 1370 autem
844 1327 915 1391 quae
938 1328 1036 1389 raro,
1063 1307 1096 1369 in
1119 1308 1258 1392 aliquot,
1283 1329 1347 1371 non
1371 1309 1411 1370 in

279 1406 619 1490 omnihusoccurront,
627 1428 864 1493 supervacanea
875 1406 1033 1489 videntur,
1041 1408 1214 1492 praesertim
1226 1409 1252 1471 si
1261 1428 1411 1494 pugnare

280 1510 448 1574 videantur
460 1510 534 1574 cum
550 1511 730 1575 testimonio
749 1519 929 1574 ceterorum
942 1511 1321 1595 Evangelistarum.‚Hoec
1333 1511 1411 1595 [or-

281 1626 358 1677 tnsee
387 1612 645 1698 diceretque...
669 1612 758 1676 Alius
778 1634 854 1676 vero
877 1613 1035 1698 quispiam
1056 1611 1135 1675 nibil
1162 1615 1285 1676 oirrnino
1307 1612 1411 1676 delere

279 1717 393 1780 anricus
416 1738 518 1780 eornm
542 1738 608 1800 qrcoe
638 1716 803 1799 Scriptura
826 1715 1000 1800 centipelicoe
1028 1715 1233 1778 commendata
1255 1716 1411 1800 fuerunt,
1521 1777 1526 1784 ,

280 1819 427 1904 duplicem
453 1841 515 1883 esse
538 1820 609 1882 dicit
633 1818 798 1892 lectionem,
815 1830 848 1881 nt
870 1839 1073 1903 reperientem
1097 1817 1186 1892 clius,
1204 1830 1232 1881 et
1247 1830 1411 1904 ntranrqnc

281 1921 481 2005 recipiendum
494 1944 509 2002 ,·
527 1923 668 2005 qnoniam
685 1921 868 1984 credentium
885 1943 919 1982 nc
933 1919 1142 2004 religiosorum
1151 1920 1303 2005 judicium
1324 1919 1411 1982 band

280 2024 349 2086 braic
371 2026 471 2108 potins
493 2045 584 2108 qnam
601 2022 785 2101 illicccedit.
804 2049 819 2084 n
838 2021 972 2106 Deinde,
994 2020 1132 2086 admissa
1165 2022 1220 2086 illa
1243 2022 1410 2107 pericope,

284 2124 419 2190 ostendit
441 2124 595 2190 Eusebius
618 2127 762 2190 Marcum
786 2147 849 2189 non
874 2146 1018 2211 pugnare
1035 2146 1115 2203 ,cum
1140 2125 1301 2189 Matthaeo.
1324 2125 1412 2189 Hine

193 2232 197 2239 '
281 2226 450 2312 probabile
468 2227 504 2290 fit
518 2229 551 2291 in
568 2228 728 2291 nonnullis
745 2227 908 2292 codicibus
921 2228 1072 2292 omissum
1086 2226 1126 2291 de
1141 2226 1296 2292 industria
1309 2228 1413 2292 luisse

282 2328 363 2393 illud
379 2330 477 2393 Marci
490 2330 666 2414 capitulum
681 2331 756 2415 quia
771 2329 940 2395 videbatur
956 2352 1029 2395 cum
1045 2331 1192 2394 Mattbaeo
1207 2351 1365 2415 pugnare.

326 2433 379 2496 15.
397 2432 519 2498 Vereor
533 2454 573 2495 ne
590 2433 714 2497 meliori
725 2432 801 2517 jure
814 2433 906 2498 uobis
918 2443 1098 2519 opponatur
1111 2434 1219 2500 Victor
1231 2433 1411 2498 Antioche-

282 2555 353 2597 nus.
373 2535 550 2618 Postquam¹
564 2534 650 2596 enim
668 2533 778 2599 Victor
792 2533 869 2598 dixit
888 2555 926 2597 ea
941 2544 976 2597 ut
990 2535 1099 2621 spuria
1115 2532 1224 2598 deesse
1242 2534 1276 2598 in
1292 2534 1411 2619 pleris-

283 2658 346 2723 que
363 2634 538 2719 codicibus,
554 2635 675 2722 absque
693 2658 784 2700 mora
800 2636 986 2723 subjungit:
1007 2638 1099 2703 «Nos
1110 2659 1187 2702 uero
1199 2659 1239 2701 ex
1250 2639 1412 2702 accuratis

283 2738 543 2823 exemplaribus,
575 2740 655 2803 sicut
677 2740 746 2825 haee
770 2741 803 2803 in
825 2741 985 2826 plerisque
1013 2739 1177 2805 codicibus
1200 2740 1406 2822 invenimus,

283 2840 458 2906 secuudum
476 2843 694 2926 palaestinensc
712 2843 809 2907 Marci
825 2843 1048 2931 Euangelium,
1063 2844 1143 2907 sicut
1163 2844 1281 2906 veritas
1294 2841 1407 2925 babet,

283 2945 446 3031 posuimus
460 2953 491 3008 ct
504 2943 697 3009 dominicam
714 2947 979 3032 resurrectionem
995 2967 1065 3032 quae
1082 2955 1128 3009 est
1142 2947 1176 3010 in
1192 2947 1247 3011 illo
1266 2946 1409 3030 postilla
1512 2974 1518 2984 ·

284 3046 383 3111 verba
400 3069 408 3110 ε
429 3047 571 3110 timebant
585 3050 665 3111 enim
681 3046 742 3134 (ἓ).
764 3047 826 3110 es.
845 3048 1068 3133 Hieronymus,
1091 3049 1148 3111 etsi
1164 3048 1197 3112 in
1213 3046 1352 3132 Epistola
1368 3049 1410 3112 od

283 3147 392 3212 Hedib.
407 3169 454 3236 ·q.
473 3148 506 3213 5.
524 3150 635 3212 asserit
654 3149 716 3214 hoc
737 3150 910 3234 capitulum
932 3147 1041 3213 deesse
1063 3149 1096 3213 in
1120 3150 1280 3235 plerisque
1300 3149 1412 3234 grecis

284 3249 386 3333 libris,
404 3251 437 3314 in
454 3250 583 3336 Diolopo
596 3250 868 3337 cdraPcla'pinnos
879 3253 923 3335 Il,
942 3253 1014 3316 lae
1033 3261 1142 3317 contra
1155 3252 1292 3316 affirmat
1308 3275 1317 3315 ε
1336 3276 1352 3311 o
1372 3252 1410 3315 ln

284 3352 477 3439 quibusdam
493 3363 523 3417 et
538 3355 677 3418 maxime
696 3355 729 3418 in
745 3356 856 3439 grecis
872 3353 1035 3420 codicibus
1047 3355 1109 3420 boe
1129 3353 1214 3419 idem
1234 3354 1410 3440 capitulum

283 3455 429 3519 inveniri.
451 3483 465 3517 e
486 3457 631 3542 Denique
647 3478 786 3521 canones
806 3457 933 3522 Eusehii
957 3467 988 3522 et
1004 3457 1158 3522 sectiones
1173 3457 1334 3522 Ammonii
1350 3458 1411 3521 bos

284 3558 455 3622 versiculos
471 3556 616 3623 iudicant
629 3561 662 3623 in
679 3559 838 3646 aliquibus
857 3558 1032 3626 codicibus.
1323 3636 1326 3639 ,

327 3662 380 3727 16.
411 3661 525 3726 Nostra
558 3663 712 3727 sententia
739 3663 836 3727 etiam
864 3664 926 3729 bac
958 3663 1165 3729 confirmatur
1188 3663 1410 3729 observatione

316 3891 352 3957 (l)
364 3892 415 3942 Cir.
427 3892 545 3952 lmnaeus.
559 3893 659 3944 Contra
670 3893 731 3944 lter.
743 3893 785 3954 ΙΙΙ,
796 3893 827 3956 ΙΙ,
840 3893 864 3957 63
876 3894 1065 3959 npunates‘ap.
1078 3894 1190 3960 Wrighb
1199 3895 1239 3947 tlte
1252 3893 1374 3946 Homines
1382 3895 1415 3958 os
1500 3914 1512 3929 ι

282 3974 412 4041 Apbrnnt.
424 3975 465 4037 ΞΙς
475 3976 644 4040 Augustinus,
657 3977 823 4028 Daconsenen
832 3979 898 4033 Eva.
908 3977 951 4047 ΙΙΙ,
961 3978 1047 4040 ΙΙΙΙΙΙΙ,
1057 3979 1099 4043 69;
1111 3979 1232 4031 Caesarius
1241 3974 1410 4037 Constantio„

283 4057 352 4109 Dici.
366 4057 413 4117 1V;
429 4059 556 4124 synopsis
568 4059 665 4110 Allan.
681 4075 707 4111 u.
725 4061 767 4120 483
785 4060 923 4112 Const'tut,
939 4067 1025 4126 apost.
1043 4052 1085 4122 ΙΙΙ,
1103 4061 1196 4125 ltislia
1210 4060 1363 4112 cbariemut.
1383 4058 1411 4108 in

284 4141 393 4192 Constit.
406 4147 491 4205 apost.
503 4141 570 4205 ΙΙΙΙΙ,Ι
581 4143 605 4204 Ι;
618 4142 645 4194 S.
658 4142 780 4203 tustinus,
794 4143 870 4207 Apol.
886 4143 906 4205 Ι,
919 4145 961 4207 Ιὸ;
979 4144 1115 4206 Eusebius,
1128 4144 1179 4211 Ep.
1191 4144 1229 4196 ad
1240 4142 1342 4202 narse
1351 4141 1409 4193 vid·

283 4222 384 4285 Cortuy,
396 4222 493 4273 Etcum
504 4223 658 4289 relicturam,
674 4224 748 4286 1876,
763 4238 795 4297 p.)
806 4224 865 4287 623,
880 4238 937 4290 sqq.

298 4302 351 4368 lt)
361 4304 447 4354 victor
456 4305 527 4368 Aac,
542 4306 630 4358 caten
647 4307 676 4359 in
692 4305 775 4363 Marc.
789 4308 852 4370 ΙΙΙΙΙ,
863 4309 880 4360 9
893 4322 934 4375 ap.
951 4307 1125 4362 Tiscbcudors.
