3166 4958
558 264 571 296 ί

306 339 368 402 254
531 355 729 399 mrnooucrto
746 354 893 397 sanemus
910 354 943 396 ΙΙΙ
961 354 986 396 S.
1003 354 1203 397 SCRIPTUMM.

305 456 414 518 Patres
441 454 617 539 apostolici,
644 473 729 515 nunc
749 450 968 516 abbreviando
993 462 1023 515 et
1045 454 1143 516 semel
1169 464 1223 517 aut
1247 456 1364 519 iterum
1389 477 1430 518 ex

306 557 473 621 traditione
488 557 630 642 aliquam
649 555 919 619 circumstantiam
934 551 1033 619 addit.
1052 555 1120 639 Aga
1140 552 1215 621 aero
1236 557 1304 621 haec
1318 560 1430 622 omnia

304 660 489 744 probemus.

348 764 401 826 16.
419 764 458 825 Et
479 762 583 846 primo
602 759 733 847 quidem
748 761 781 824 S.
802 761 918 847 Martyr
935 760 1106 845 Evangelia
1124 761 1192 845 ipsa
1213 761 1370 848 designat.
1391 764 1430 827 In

302 864 394 949 Apol.
410 867 435 945 1,
451 865 505 946 55,
518 857 629 927 volens
642 863 780 948 probare
798 861 956 927 Christum
967 860 1060 947 juxta
1079 864 1262 947 prophetias
1286 886 1324 928 cx
1348 865 1430 931 Vir-

302 968 375 1051 gine
388 975 511 1047 natum,
528 966 597 1029 ait:
618 990 632 1023 a
646 964 753 1030 Virtus
764 965 822 1028 Dei
840 965 1066 1049 superveniens
1084 965 1205 1050 Virgini
1222 967 1432 1032 obumbravit

302 1090 385 1150 eam,
401 1069 539 1153 fecitque
555 1077 590 1132 ut
606 1076 686 1148 tum,
704 1088 779 1131 cum
795 1076 874 1130 esset
889 1066 998 1152 Virgo,
1017 1077 1205 1152 pragnaret.
1223 1069 1263 1132 El
1278 1071 1333 1155 qui
1349 1079 1431 1136 tunc

301 1171 342 1235 ad
366 1172 467 1256 ipsam
486 1171 650 1255 Virginem
670 1171 783 1233 missus
803 1179 848 1233 est
863 1169 1004 1254 Angelus
1017 1170 1086 1251 Dei,
1104 1171 1149 1234 sio
1164 1171 1271 1234 laetum
1288 1174 1316 1237 ei
1339 1195 1431 1237 nun-

252 1328 255 1336 .
301 1275 379 1337 tium
395 1274 523 1336 attulit:
546 1273 621 1335 Ecce
643 1274 789 1355 concipies
807 1274 840 1333 ia
866 1282 949 1334 atero
974 1292 1011 1333 eac
1022 1270 1142 1355 Spiritu
1152 1284 1265 1346 sancto,
1282 1278 1430 1359 elperico

300 1376 410 1461 filium,
424 1387 453 1439 et
465 1374 562 1437 Filias
577 1373 729 1437 Altissimi
741 1372 891 1437 uocabitur
904 1396 914 1434 .·
928 1385 956 1437 et
968 1373 1083 1437 cacabis
1099 1395 1206 1436 nomen
1223 1378 1289 1459 ejas
1304 1378 1427 1441 desani.

300 1481 369 1563 Ipse
385 1483 465 1540 enim
481 1475 596 1540 saluam
619 1477 709 1560 saciet
725 1475 874 1559 papalum
892 1496 982 1538 saum
996 1498 1015 1537 a
1028 1478 1157 1559 peccatis
1175 1498 1289 1551 eornm,
1306 1499 1431 1564 quem·

302 1579 476 1644 admodum
500 1576 679 1642 docuerunt
696 1580 751 1662 qni
770 1581 871 1640 omnia
894 1578 935 1640 acl
959 1577 1146 1641 Salomonem
1171 1590 1306 1643 nostram
1320 1581 1431 1644 lesam

303 1684 457 1749 Christ-am
471 1684 655 1766 pertinentia
671 1680 779 1745 litteris
795 1682 992 1754 martrlarant,
1011 1680 1126 1767 quibus
1144 1691 1175 1745 et
1190 1680 1374 1769 credimus(
1403 1685 1427 1755 ).

302 1788 376 1851 Haec
401 1795 508 1850 autem
531 1783 691 1849 habentur
713 1784 800 1868 apud
821 1784 928 1848 narrt.
955 1786 981 1866 Ι,
1008 1784 1060 1866 at,
1086 1794 1117 1848 et
1140 1788 1212 1848 Lac.
1238 1787 1265 1867 Ι,
1290 1785 1343 1867 51,
1369 1786 1427 1849 52.

301 1889 421 1954 Deinde
434 1887 527 1973 Apol.
543 1890 569 1971 l,
584 1888 701 1968 att-67,
720 1888 925 1950 Eucharistiae
941 1888 1169 1952 institutionem
1184 1888 1338 1970 reserens,
1355 1889 1402 1952 ait
1420 1913 1428 1950 z

305 2020 318 2053 a
342 1993 485 2079 Apostoli
501 1993 534 2056 in
559 1990 791 2057 Commentariis
814 1994 890 2065 auis,
917 2012 985 2076 qnae
1014 2003 1157 2055 cocuntur
1181 1990 1358 2076 Evangelia,
1382 1991 1428 2054 ita

302 2098 360 2162 sibi
385 2095 553 2161 mandasse
572 2096 680 2158 Jesum
703 2092 904 2157 tradiderunt
923 2116 930 2156 ε
949 2114 1022 2156 eum
1046 2094 1164 2158 scilicet
1180 2102 1311 2178 accepto
1327 2114 1428 2178 pane,

302 2222 375 2265 cum
394 2200 510 2285 gratias
531 2199 655 2284 egisset,
674 2196 789 2260 dixisse
818 2220 825 2260 ε
850 2196 904 2260 boc
925 2198 1014 2281 facite
1039 2200 1070 2259 in
1090 2218 1185 2259 aream
1208 2218 1430 2261 commemoro-

302 2309 411 2368 tionem
427 2304 487 2388 (2),
513 2303 655 2385 actisque
687 2300 795 2384 gratiis
817 2299 933 2363 dixisse
954 2322 962 2362 ι
980 2299 1027 2362 bic
1052 2312 1096 2363 est
1117 2302 1241 2384 sanguia
1263 2320 1347 2364 meus
1363 2300 1427 2384 (5),

302 2408 440 2491 ipsisque
461 2404 533 2467 solis
558 2400 735 2466 tradidisse.
757 2429 771 2462 a
789 2400 887 2466 Addit
904 2402 936 2466 S.
962 2403 1103 2466 lustinus
1122 2403 1177 2466 illa
1198 2403 1430 2487 Apostolorum

303 2507 529 2573 commentaria
553 2526 609 2568 seu
624 2505 796 2588 Evangelia
817 2505 947 2589 singulis
971 2503 1085 2569 diebus
1107 2502 1276 2570 dominicis
1293 2508 1326 2569 in
1343 2526 1430 2570 con-

302 2618 398 2673 ventu
415 2604 570 2687 fidelium,
586 2603 721 2669 durante
744 2607 883 2691 liturgia,
908 2607 1027 2691 perlegi
1049 2627 1123 2671 cum
1139 2607 1263 2691 scriptis
1276 2607 1429 2691 Prophe-

303 2723 421 2776 tarum.

345 2817 400 2880 17.
418 2816 465 2879 Ex
481 2835 545 2900 quo
562 2814 656 2878 facile
682 2824 727 2877 est
753 2814 903 2899 colligere
919 2824 1073 2900 quantam
1098 2816 1159 2879 hoc
1176 2813 1284 2880 medio
1309 2818 1431 2881 saeculo

303 2917 442 2984 secundo
464 2919 686 3002 auctoritatem
710 2917 874 2982 habebant
894 2928 998 2983 nostra
1021 2929 1158 3005 quatuor
1174 2921 1359 3006 Evangelia3
1379 2923 1428 2985 si-

303 3022 433 3111 quidem
451 3042 524 3085 cum
546 3021 668 3105 scriptis
683 3018 798 3084 divinis
814 3022 1046 3107 Prophetarum
1065 3022 1254 3107 legebantur
1271 3024 1304 3087 in
1331 3025 1428 3089 litur-

302 3129 364 3213 gia.
380 3124 593 3207 Quadrantem
608 3123 640 3187 S.
658 3124 798 3188 lustinus
814 3146 851 3190 eo
866 3126 936 3189 loco
953 3122 993 3187 de
1009 3126 1123 3190 nostris
1139 3126 1318 3210 Evangeliis
1336 3137 1426 3214 agat,

303 3229 423 3312 negari·
443 3225 563 3311 nequit.
589 3227 709 3290 Mavult
740 3224 872 3311 quidem
905 3248 942 3290 ea
973 3247 1088 3292 vocare
1120 3232 1345 3304 comntcntaria,
1370 3252 1429 3296 seu

302 3327 518 3400 raemorahilia,
533 3326 573 3391 ad
587 3349 710 3392 morem
723 3329 954 3413 Xenophontis,
970 3331 1045 3414 quia
1056 3330 1281 3416 alloquebatur
1293 3335 1430 3417 gentiles

303 3434 435 3519 quinon
456 3431 675 3516 intelligebant
689 3453 802 3496 vocem
817 3432 1009 3518 Euangelia;
1025 3433 1081 3497 sed
1100 3431 1215 3498 exinde
1233 3434 1321 3499 nulla
1338 3433 1429 3499 diffi-

335 3716 369 3780 (Ι)
381 3715 465 3765 Graece
480 3732 490 3761 a
506 3718 523 3762 ti
534 3717 759 3774 αημημυεύσαιτις
779 3716 853 3765 πάντα
863 3717 891 3765 ric
902 3718 948 3785 trapi
964 3727 997 3767 τοῦ
1010 3724 1101 3788 {aripti
1120 3726 1176 3781 (μῦ,
1189 3728 1249 3769 tarsa
1263 3726 1356 3785 Χριστοῦ
1366 3732 1373 3767 2
1382 3720 1429 3783 qui

300 3799 485 3849 commentaria
495 3799 611 3862 secarunt
623 3799 736 3848 omnium
748 3813 835 3850 eorum
847 3802 942 3864 quaead
955 3803 1107 3854 salvatorem
1123 3810 1239 3854 nostrum
1250 3803 1335 3854 lesum
1348 3800 1427 3851 Chri·

301 3886 369 3930 stum
381 3880 542 3943 pertinent.»
559 3878 624 3929 lolra
642 3881 667 3931 S.
680 3881 794 3931 lustinus
806 3883 939 3947 Evangelia
956 3885 1062 3947 appellat
1081 3886 1274 3945 commentaria,
1289 3882 1330 3934 hic
1341 3882 1427 3932 livan-

299 3961 401 4024 gclistas
421 3966 492 4012 vacat
517 3966 742 4023 aetat-paduan
768 3970 988 4017 commentatores.
1012 3966 1183 4017 Tertullianus
1202 3967 1278 4029 (Ado.
1293 3964 1425 4016 Marcion.

301 4044 342 4102 lv,
355 4045 379 4108 ὲ)
391 4046 479 4095 eodem
491 4047 592 4118 nomine
604 4052 679 4096 utens
691 4047 860 4110 Evangelistas
871 4052 1084 4098 commentatores
1099 4050 1216 4112 appellat.
1231 4047 1328 4099 Pariter
1343 4046 1428 4096 liuse-

299 4127 356 4176 bius
374 4127 451 4188 (ΗΜ.
471 4127 541 4178 Eccl.
558 4125 599 4189 ΙΙΙ,
616 4127 667 4189 23).
686 4130 721 4180 ait
740 4128 883 4179 Matthaeum
901 4136 927 4180 et
945 4129 1064 4181 loannem
1080 4131 1145 4181 solos
1162 4143 1194 4181 ex
1212 4128 1337 4194 apostolis
1352 4127 1427 4177 nohis

300 4208 431 4271 reliquisse
442 4211 600 4271 catastam,
611 4214 796 4262 commentaria
808 4218 938 4274 gestorum
952 4212 1094 4264 Salvatorls.

332 4289 367 4353 (9)
381 4293 439 4343 Lac.
454 4293 530 4354 ΙΙΧΙΙ,
544 4293 584 4344 ll).

333 4371 367 4434 (5)
382 4373 473 4423 Mateta.
485 4374 569 4436 xxvt,
583 4374 625 4425 28.
