3166 4958
261 302 324 387 ato
484 324 685 368 rnrnooosrro
702 327 850 371 sonemus
865 328 898 370 m
915 327 941 371 s·
960 327 1160 374 senrrrnnsrr.

263 422 318 508 qui
340 433 487 487 naturam
504 428 623 490 creavit
638 427 733 513 eique
761 428 847 513 leges
863 428 1025 513 imposuit,
1051 449 1143 513 posse
1166 437 1253 493 extra
1270 438 1395 493 naturae

261 523 413 591 ordinem
429 526 550 613 aliquid
564 526 754 613 producere,
772 529 919 615 adeoque
938 531 1094 595 miracula
1110 529 1305 617 facere(1)i

311 631 363 694 st.
388 630 534 697 Alterum
556 635 724 698 neoterica
747 635 872 699 critices
892 633 1004 698 uitium
1028 634 1168 698 consistit
1188 635 1222 698 in
1242 631 1395 719 eoquod

264 732 307 797 ad
324 734 550 819 inquirendum
573 735 614 800 de
629 746 771 820 anctore,
794 739 927 822 origine,
950 738 1129 822 integritate
1143 747 1240 824 atque
1260 738 1395 801 veritate

265 835 401 922 alicujus
424 839 555 924 scripti,
579 842 760 906 testimonia
784 852 915 905 externa
938 841 1129 926 negligunt,
1155 838 1396 926 parvipendunt

265 960 304 1005 ac
328 938 485 1025 rejiciunt,
503 941 706 1008 traditionem
724 952 878 1029 spernunt
900 952 931 1008 et
953 962 1023 1007 rem
1046 944 1242 1028 argumentis
1261 941 1396 1006 internis

267 1041 336 1107 fera
359 1045 453 1108 unice
481 1043 699 1110 definiendam
723 1047 846 1111 volunt.
873 1047 974 1110 Porro
1000 1066 1042 1108 ex
1062 1046 1291 1130 preconceptis
1313 1042 1397 1109 ideis

266 1164 395 1230 semper
409 1147 650 1230 ratiocinantur,
665 1156 707 1228 et,
722 1147 779 1212 uhi
792 1169 872 1233 opus
886 1157 946 1229 est,
960 1146 1059 1211 verba
1072 1148 1254 1229 immutant,
1272 1156 1398 1210 senten-

266 1249 327 1313 tias
348 1250 503 1314 resecant
516 1260 572 1315 ant
594 1252 767 1334 evolvunt,
805 1249 909 1315 donee
938 1250 971 1313 in
1003 1269 1098 1313 suum
1122 1270 1250 1313 sonsum
1272 1256 1397 1312 textmn
1487 1280 1491 1285 ·

267 1352 396 1415 trahant
411 1353 557 1417 invitum.

312 1454 365 1519 25.
380 1456 555 1520 Recensitis
570 1456 657 1521 hisce
670 1456 844 1539 erroribus,
860 1458 1081 1541 ffsvndmam
1092 1453 1300 1541 aggredimur
1312 1462 1398 1518 tem-

268 1557 355 1640 poris
371 1558 533 1641 proesentis
545 1559 765 1644 questionem.
783 1558 955 1624 Probanda
970 1560 1056 1624 enim
1072 1558 1166 1623 nobis
1183 1566 1232 1625 est
1245 1557 1399 1640 Euange-

267 1662 386 1725 liorum
403 1664 585 1747 auctoritas,
601 1685 700 1749 quam
717 1665 857 1729 maxime
872 1667 1062 1749 impugnant
1074 1662 1301 1744 Rationalistoe,
1319 1660 1398 1745 quia

268 1772 355 1827 recte
367 1765 517 1849 sentiunt,
533 1765 676 1831 stabilita>
689 1767 840 1851 historica
854 1766 1101 1851 Evangeliorum
1113 1764 1314 1845 auctoritate,
1330 1762 1398 1824 im-

270 1863 419 1949 possihile
443 1868 518 1952 ipsis
540 1890 608 1933 esse
631 1867 738 1935 adhue
763 1890 880 1955 negare
895 1868 1093 1934 divinitatem
1114 1868 1240 1949 Christi,
1259 1885 1333 1952 qna
1348 1872 1399 1928 est

269 1968 350 2052 lapis
364 1971 526 2054 nngrrlaris
538 1972 699 2057 religionis
711 1973 905 2038 Christiane.
922 1973 963 2036 Ut
973 1982 1081 2037 nostra
1093 1980 1205 2036 contra
1216 1989 1273 2034 eos
1284 1965 1399 2052 dispo·

269 2071 345 2134 tatio
362 2072 421 2137 rite
442 2072 607 2158 procedat,
623 2074 735 2140 ordine
753 2075 963 2162 prohabimus
984 2074 1157 2160 Evangelia
1170 2093 1239 2137 esse
1254 2069 1399 2135 nothon-

269 2172 344 2258 tiaa,
360 2175 497 2259 integra,
513 2196 601 2261 vera,
614 2176 734 2243 divina.

425 2442 428 2448 <
487 2413 529 2475 ΙΙ.
550 2411 689 2491 Quotam
712 2413 880 2499 Evangelio
900 2426 973 2479 sunt
996 2413 1177 2477 audentiae.

316 2629 349 2692 L
373 2628 449 2692 ttae
476 2630 649 2714 propositio
669 2628 931 2694 demonstratur:
962 2631 994 2693 t·
1018 2627 1202 2693 testimoniis
1235 2627 1398 2710 externis,

273 2732 307 2794 Y
338 2731 523 2796 testimoniis
545 2732 676 2795 internis
706 2753 762 2795 seu
792 2731 899 2796 indole
929 2734 1098 2813 intrinseca
1123 2730 1398 2815 Evangeliorum3

271 2833 571 2919 &impossibilitate
587 2834 768 2921 assignandi
785 2836 882 2899 aliam
898 2836 1056 2922 epocham
1069 2844 1124 2899 ant
1144 2835 1222 2898 alios
1238 2841 1399 2914 auctores,

270 2959 294 3001 a
310 2936 426 3022 quihus
444 2936 528 3002 edita
543 2939 663 3003 inerint
681 2939 873 3023 Evangelia·
1073 2936 1078 2945 ’

617 3156 688 3245 §it
711 3159 893 3222 Testimooio
914 3169 1050 3221 mano.

314 3380 350 3441 ἓ,
373 3380 556 3442 Testimoaio
574 3381 645 3441 noui
665 3380 856 3441 Testamenti.
874 3378 1018 3441 Primum
1037 3386 1263 3463 argumentum
1279 3393 1403 3459 suppe-

273 3489 345 3543 tunt
364 3479 439 3564 ipsae
460 3481 706 3565 Evangeliorum
724 3481 957 3566 inscriptiones,
980 3500 1063 3566 qnoe,
1081 3480 1240 3565 quamvis,
1256 3488 1293 3542 nt
1312 3474 1404 3540 dixi·

273 3568 359 3665 mus,
374 3604 438 3647 non
452 3583 494 3648 ah
510 3584 584 3668 ipsis
604 3582 798 3665 auctoribus,
816 3582 925 3649 seder
940 3605 1000 3647 usn
1018 3583 1124 3668 potius
1141 3582 1288 3667 liturgico
1303 3600 1405 3664 repe-

266 3682 380 3749 ·tendae
392 3686 466 3769 sint,
485 3694 592 3749 tamen
612 3706 670 3770 per
686 3687 869 3750 universam
889 3685 1064 3751 sconsam
1082 3693 1218 3769 recepta
1232 3691 1326 3749 eram
1345 3679 1406 3747 dio

272 3797 350 3852 ante
368 3787 465 3852 finem
485 3788 590 3852 saecuii
608 3787 994 3872 moundi,nteonshrte1
1009 3788 1141 3871 trenno,
1159 3785 1352 3850 Torosdisno
1366 3791 1405 3849 et

303 4042 344 4105 tt)
356 4039 456 4090 mun
466 4044 505 4089 est
520 4036 582 4089 itud
593 4036 617 4086 t.
630 4035 653 4086 t
669 4035 816 4087 sommo:
835 4051 846 4080 ι
862 4033 926 4086 ttieo
938 4032 1032 4096 peon
1045 4030 1109 4103 hire
1120 4031 1168 4082 des
1179 4030 1314 4081 miniates?
1328 4029 1403 4079 cette

272 4126 393 4189 question
404 4119 687 4174 se'rteusementtrnitte
697 4118 773 4170 serait
788 4117 866 4180 impie
880 4115 1058 4166 stetten'etait
1071 4112 1186 4164 absurde.
1198 4112 1236 4163 Ge
1250 4110 1325 4162 serait
1338 4109 1402 4160 faire

272 4214 333 4269 trop
347 4207 487 4257 dhonneor
497 4206 511 4254 'o
521 4202 587 4254 caui
599 4201 677 4265 quita
691 4200 832 4252 resoudrnit
848 4199 1036 4262 negativement
1045 4210 1098 4261 que
1111 4196 1144 4247 de
1158 4196 1183 4244 te
1196 4195 1282 4257 punir,
1298 4194 1316 4243 it
1330 4190 1401 4242 suiti-

276 4287 327 4337 rnit
337 4287 368 4337 de
377 4285 530 4336 t'entermer.
551 4283 611 4334 tisis
621 4283 691 4349 aussi
704 4283 765 4346 quet
782 4277 908 4332 hommes
922 4279 1012 4343 nonis
1029 4278 1070 4329 nie
1081 4289 1132 4342 qne
1146 4276 1211 4327 ttien
1221 4274 1268 4339 put
1280 4272 1342 4324 faire
1355 4272 1403 4324 des

276 4369 436 4422 mirtdfflis
