3166 4958
283 294 346 358 174
508 314 707 359 mrnonucrro
725 311 872 355 sanemus
885 311 917 352 m
934 309 959 351 s.
980 308 1180 354 scurranum.

282 416 484 501 prophetiam
506 415 547 480 de
564 417 606 480 70
624 409 880 478 hebdomadibus
901 408 1033 494 ejusque
1057 418 1219 472 auctorem
1236 409 1407 473 Danielem

282 519 402 602 asserit,
426 541 523 606 quem
543 518 736 604 Prophetam
756 515 899 578 nominat
919 535 927 575 ε
952 511 1029 576 Com
1049 513 1182 576 videritis
1201 511 1407 603 abominatio-

281 643 350 684 nem
367 622 637 706 desolationesque
652 622 731 684 dicta
748 630 822 682 estu
840 614 966 679 Daniele
982 614 1152 699 Propheta,
1174 622 1235 678 etc.

326 722 378 785 ll.
393 724 504 787 Merito
517 723 612 807 igitur
624 720 725 786 Iudaei
738 718 856 783 librum
869 717 1008 780 Danielis
1020 717 1124 779 statim
1137 715 1179 780 ab
1192 717 1280 780 initio
1295 736 1407 780 snsce-

280 832 396 906 perunt
419 832 449 886 et
473 823 640 909 Scripturis
669 820 783 886 divinis
810 826 1072 899 annumerarunt,
1091 837 1165 880 eum
1186 818 1267 880 inter
1285 817 1406 901 scripta

281 923 498 1009 hagiographa
507 934 709 1010 reponentes.
719 924 866 986 Nostram
875 920 1081 985 assertionem
1092 918 1300 983 corroborant
1308 919 1405 983 Philo

279 1035 375 1111 atque
398 1028 554 1113 Iosephus
575 1027 624 1113 (1)
642 1028 696 1112 qui
717 1026 815 1091 refert
834 1020 1016 1087 Alexandro
1037 1023 1221 1106 imperatori
1237 1021 1406 1106 Jerosoly-

279 1148 366 1191 mam
382 1129 571 1213 ingredienti
588 1130 732 1194 oblatum
746 1128 841 1191 fuisse
857 1125 975 1189 librum
990 1124 1230 1209 prophetiarum
1247 1123 1403 1206 Danielis,

279 1229 395 1315 quibus
424 1233 490 1317 ipse
515 1234 626 1297 Persas
657 1230 874 1295 debellaturus
906 1224 1149 1312 predicabatur.
1181 1225 1404 1289 Universalem

279 1334 362 1397 hanc
377 1333 580 1399 traditionem
594 1335 692 1400 secuti
710 1342 783 1398 sunt
797 1331 940 1418 Apostoli
954 1330 1117 1415 sanctique
1132 1330 1242 1403 Patres
1258 1329 1404 1392 unanimi

277 1455 446 1501 consensu.

324 1539 376 1603 12.
393 1538 465 1624 obj.
479 1540 573 1604 Liber
586 1540 725 1604 Danielis
741 1539 866 1625 spurius
882 1547 971 1602 estet
987 1537 1068 1602 etati
1087 1535 1234 1599 Antiochi
1253 1533 1401 1618 Epipha-

278 1643 326 1735 nis
343 1639 584 1707 adscribendus.
608 1643 689 1707 Nam
709 1664 717 1706 ε
739 1644 782 1706 1⁰v
794 1651 902 1706 narrat
924 1662 975 1706 res
994 1638 1208 1721 incredibiles,
1227 1637 1329 1723 qualis
1351 1645 1401 1701 est

163 1798 167 1808 .
277 1745 463 1827 presertim,
478 1744 570 1830 juxta
593 1745 709 1830 ipsum,
728 1745 858 1810 historia
876 1742 1195 1808 Nabuchodonosoris
1201 1765 1211 1824 3
1230 1742 1262 1804 2⁰
1283 1740 1398 1824 saepius

277 1855 389 1926 peccat
409 1856 519 1911 contra
539 1849 715 1927 historiam,
734 1856 780 1931 ut,
803 1845 932 1933 quando
948 1847 1162 1910 Baltassarum
1185 1850 1277 1907 vocat
1293 1841 1396 1905 filium

177 1948 180 1953 ’
276 1946 608 2034 Nabuchodonosoris,
637 1960 667 2015 et
687 1953 818 2016 Darium
838 1949 968 2015 Medum
990 1950 1079 2034 ponit
1101 1968 1159 2032 pro
1178 1945 1316 2031 Cyaxare
1340 1964 1396 2007 se-

276 2048 394 2134 cundo;
403 2052 436 2116 5⁰
448 2064 559 2118 auctor
570 2075 626 2119 suo
640 2055 778 2120 sermoni
791 2054 946 2118 immiscet
956 2072 1050 2117 voees
1063 2048 1208 2115 nendicas
1219 2057 1250 2111 et
1261 2067 1392 2132 grecas,

277 2174 348 2237 quae
360 2154 501 2221 Hebraeis
514 2158 628 2241 ignotae
641 2166 732 2222 erant
743 2167 887 2242 tempore
898 2155 1049 2238 Danielis,
1062 2155 1096 2218 4⁰
1111 2154 1144 2217 in
1155 2149 1328 2217 visionibus
1343 2171 1395 2213 res

276 2255 411 2340 futuras,
425 2278 479 2323 eas
490 2262 665 2344 praesertIm
681 2280 752 2346 quae
767 2267 910 2344 spectant
920 2256 1113 2322 Antiochum
1125 2254 1337 2339 Epiphanem,
1350 2251 1395 2315 ita

276 2358 362 2422 clare
377 2357 520 2445 depingit
537 2370 726 2447 tempusque
743 2369 915 2426 eventuum
929 2360 973 2424 ita
990 2357 1192 2439 determinat,
1210 2363 1246 2418 ut
1264 2351 1395 2418 evidens

236 2503 240 2509 -
274 2460 315 2522 sit
337 2462 537 2545 prophetiam
558 2475 627 2548 post
646 2464 761 2549 sactum
784 2463 995 2546 conscriptam
1017 2460 1124 2525 fuisse.
1149 2459 1197 2521 Ita
1219 2457 1266 2520 De
1285 2456 1395 2520 Wette

275 2583 349 2627 cum
368 2565 448 2630 aliis.

320 2665 373 2729 15.
392 2668 482 2752 Resp.
498 2668 576 2750 Quae
591 2667 634 2733 ah
650 2667 838 2733 adversariis
851 2667 1043 2755 objiciuntur
1061 2684 1265 2753 nequaquam
1281 2680 1395 2726 eorum

276 2778 429 2833 assertum
447 2769 595 2855 probant.
618 2772 742 2835 Etenim
762 2772 821 2834 :1⁰
843 2792 928 2837 resa
955 2771 1086 2834 Daniele
1111 2769 1218 2832 relatae
1240 2785 1305 2829 non
1321 2770 1394 2826 sunt

274 2872 488 2957 incredibiles,
507 2876 566 2939 uisi
590 2877 628 2940 iis
649 2877 716 2961 qui,
738 2876 788 2940 vel
813 2875 1010 2960 Scripturam
1027 2874 1110 2938 male
1126 2870 1316 2954 intelligunt,
1340 2866 1394 2929 vel

274 2976 458 3060 prophetias
473 2987 505 3040 et
522 2978 677 3042 miracula
700 2976 906 3062 impossibilia
930 2996 998 3040 esse
1022 2982 1175 3055 statuunt3
1202 2972 1236 3035 2⁰
1253 2967 1393 3033 narratio

274 3079 413 3144 Danielis
427 3102 490 3144 non
504 3079 690 3145 adversatur
704 3101 787 3144 verae
800 3081 951 3146 historie
963 3078 1076 3143 Daniel
1087 3074 1218 3162 quidem
1233 3073 1394 3136 baltassa-

273 3203 346 3245 rum
366 3181 467 3246 filium
486 3182 808 3248 Nabuchodonosoris
823 3192 926 3265 vocat,
951 3180 1097 3268 quamvis
1114 3178 1196 3243 filius
1211 3184 1291 3241 esset
1306 3173 1395 3254 Evil-²

273 3285 460 3368 merodach,
478 3285 533 3349 filii
557 3284 891 3369 Nabuchodonosoris,
909 3284 1055 3370 adeoque
1072 3277 1273 3347 solummodo
1294 3295 1394 3361 nepos

273 3385 606 3466 Nabuchodonosoris;
618 3387 673 3452 sed
685 3390 825 3454 alienum
839 3407 1042 3474 nequaquam
1052 3396 1098 3450 est
1109 3383 1151 3449 ab
1160 3381 1267 3447 indole
1277 3382 1393 3463 lingua

272 3486 440 3577 hebraicae,
457 3499 492 3554 ut
514 3500 644 3576 nepotes
665 3490 719 3555 lilii
737 3499 901 3556 vocentur.
925 3489 976 3553 sic
992 3489 1113 3570 Laban,
1133 3484 1294 3551 Bathuelis
1309 3481 1393 3545 filius

271 3590 363 3673 (Gen.
381 3592 528 3676 XXVIII,
552 3593 597 3679 5),
620 3603 754 3660 vocatur
769 3594 861 3680 (Gen.
882 3594 999 3676 XXIX,
1022 3592 1055 3678 5)
1075 3591 1158 3656 filius
1177 3592 1316 3671 Nachor,
1335 3589 1392 3674 qni

271 3700 338 3755 arat
350 3692 419 3778 ejus
432 3715 509 3758 avus
522 3696 614 3780 (Gen.
636 3696 752 3777 XXIV,
767 3694 834 3780 47).
852 3696 1011 3760 Baltassar
1025 3704 1132 3760 autem
1151 3695 1214 3758 alio
1226 3693 1356 3757 nomine
1370 3715 1391 3757 a

269 3792 451 3879 Babyloniis
473 3796 709 3881 Naboandelus,
727 3799 921 3882 Nabonetus,
944 3798 1122 3884 Labynetns
1136 3796 1339 3882 vocabatur(
1364 3796 1388 3880 ).

269 3896 363 3976 Quod
377 3909 484 3964 autem
497 3901 609 3966 Daniel
624 3902 756 3965 Darium
771 3900 901 3966 Medum
918 3904 1059 3988 appellat
1071 3922 1156 3984 eum,
1175 3919 1271 3986 quem
1288 3898 1391 3967 Greci

268 3999 441 4083 Cyaxarem
454 4005 483 4069 ll
501 4006 679 4087 nominant,
695 4005 757 4069 hoc
775 4006 898 4071 nullam
914 4003 1133 4070 difficultatem
1152 4003 1295 4086 involvit3
1313 4020 1389 4064 narn

300 4242 335 4306 (l)
352 4241 456 4308 Antv'qq.
473 4243 515 4307 xl,
530 4245 555 4295 8.

300 4324 334 4388 (t)
348 4324 403 4376 vid.
417 4327 458 4376 Jos
474 4327 516 4390 ph.
531 4329 634 4395 antiqq.
651 4328 695 4379 llh.
709 4328 741 4393 x;
757 4341 810 4392 cap.
824 4329 865 4401 xl,
878 4328 902 4383 2.
