3168 4948
326 341 401 384 raas
415 341 450 383 u.
468 341 560 384 carus
574 342 621 384 111.
636 342 673 383 mr
686 338 810 381 omnum
822 340 857 381 ur
868 340 1026 382 lucrosus.
1041 342 1084 383 1v.
1099 340 1227 384 evaneo.
1275 320 1338 384 295

215 439 324 521 nebat,
350 449 386 503 ut
408 440 441 503 in
464 439 648 505 Judaeorum
671 439 821 503 tribunali
840 461 964 504 summo
989 461 1100 504 eorum
1118 439 1261 503 Pontifici
1282 461 1338 501 re-

215 540 380 627 sponderit
396 540 444 628 (l)
467 565 474 604 :
496 543 561 626 Epo
580 542 684 628 palam
697 541 809 606 locanes
824 564 891 606 snm
907 543 1018 606 mundo
1058 564 1109 626 epo
1124 564 1240 626 semper
1251 542 1339 604 doctri

215 648 247 708 tn
263 666 417 731 synnpope
438 656 466 708 et
486 647 519 708 in
537 644 727 730 templaque
745 666 846 708 onrnes
865 645 966 707 sedet
985 647 1173 717 conueniant,
1191 655 1218 706 et
1235 646 1267 706 in
1284 664 1333 706 or.-

214 746 292 810 enlto
309 745 423 810 locatus
438 767 506 810 snm
521 746 611 812 ertit.

258 850 311 917 15.
329 849 451 913 Pariter
463 869 534 933 quae
549 849 693 913 referunt
710 849 823 914 Christi
839 850 1005 932 miracula,
1022 870 1059 913 ea
1075 849 1169 934 plena
1186 847 1251 912 dici
1266 849 1338 912 luce

215 976 324 1019 coram
355 955 462 1019 multis
494 955 624 1019 testibus
655 964 778 1040 patrata
813 964 895 1020 sunt.
921 956 1031 1020 Nonne
1061 954 1189 1040 publica
1212 963 1258 1018 est
1281 954 1334 1017 illa

215 1059 378 1144 paralytici
399 1080 416 1121 a
437 1059 512 1122 Jesu
527 1060 649 1122 sanatio
667 1060 718 1122 cui
730 1057 841 1122 aderat
857 1067 922 1121 tam
942 1058 1092 1143 frequens
1105 1055 1286 1138 multitudo,
1301 1065 1337 1118 ut

213 1161 267 1224 vix
281 1160 324 1224 ad
335 1161 445 1245 lesum
458 1169 579 1245 pateret
591 1160 759 1225 accessus?
778 1161 889 1225 Nonne
907 1158 1024 1224 multos
1041 1170 1134 1224 testes
1152 1159 1263 1223 hahuit
1281 1160 1336 1222 illa

212 1284 333 1349 panum
357 1263 590 1352 multiplicatio,
616 1285 681 1360 qua
716 1264 826 1327 satiata
850 1263 979 1326 fuerunt
1003 1264 1144 1348 quinque
1166 1261 1334 1325 hominum

209 1367 326 1455 millia,
334 1375 387 1430 aut
399 1367 454 1430 illa
471 1365 528 1429 filii
545 1364 649 1430 vidum
661 1367 964 1451 resurrectio,qucm
981 1372 1045 1429 tota
1062 1365 1155 1429 Nalm
1170 1365 1279 1428 civitas
1293 1363 1334 1427 ad

212 1470 395 1554 sepulcrum
408 1468 647 1533 comitabatur?
663 1468 713 1532 An
726 1468 858 1532 fortasse
871 1468 995 1532 occulta
1007 1468 1103 1531 fuerit
1114 1467 1169 1530 illa
1182 1467 1256 1541 caeci
1268 1467 1333 1530 nati

212 1571 379 1635 oculorum
391 1570 525 1654 apertio,
540 1577 637 1655 quam
652 1580 798 1655 parantes
814 1578 847 1659 ct
860 1568 955 1633 vicini
969 1570 1073 1633 mirati
1089 1577 1161 1632 suat
1173 1579 1204 1632 et
1218 1590 1257 1632 ex
1270 1588 1334 1653 qua

210 1673 357 1758 pharisaei
380 1673 581 1738 scandalizati
605 1682 676 1737 sunt
699 1672 786 1759 quod
807 1673 897 1736 fieret
920 1675 952 1736 in
972 1672 1237 1737 sabbatolHisce
1251 1672 1333 1757 adji-

211 1778 298 1840 ciunt
319 1778 527 1864 Evangelistae
558 1777 720 1841 historiam
746 1778 899 1862 passionis
920 1777 1049 1861 Christi,
1075 1778 1185 1841 mortis
1208 1776 1276 1862 ejus
1300 1778 1332 1840 in

211 1902 306 1945 cruce
326 1903 364 1945 ae
388 1882 581 1967 sepultura,
607 1902 744 1967 quorum
769 1882 913 1945 omniurn
937 1903 1002 1945 non
1026 1882 1130 1944 solum
1152 1879 1251 1944 ludaei
1277 1878 1332 1943 sed

209 1982 329 2047 Pilatus
346 1984 525 2070 militesque
543 1984 668 2048 romani
686 1993 779 2048 testes
793 1984 933 2048 fuerunt.
952 1984 983 2047 Si
999 1983 1159 2048 redivivus
1173 1984 1265 2046 tertia
1280 1982 1332 2047 die

208 2084 300 2150 Jcsus
316 2087 390 2151 solis
403 2085 567 2172 discipulis
583 2108 616 2151 se
639 2085 822 2170 ostenderit,
847 2087 962 2150 milites
977 2096 1085 2150 tamen
1101 2086 1238 2168 romani,
1258 2106 1332 2149 curn

209 2189 284 2273 ipsis
299 2187 416 2252 Judaeis
439 2189 541 2253 testati
565 2193 637 2252 sunt
656 2210 771 2273 corpus
788 2188 857 2274 ejus
872 2191 904 2253 in
925 2191 1071 2274 sepulcro
1092 2209 1156 2251 non
1178 2207 1332 2272 perman-

209 2291 296 2356 sisse.
323 2291 399 2355 Haec
423 2300 529 2354 autem
555 2291 662 2356 omnia
685 2291 892 2376 Evangelistae
914 2291 1058 2355 referunt
1086 2310 1160 2355 cum
1184 2289 1332 2354 omnibus

209 2394 452 2457 circumstantiis
474 2403 570 2480 atque
592 2394 655 2458 illis
677 2403 808 2458 narrant
830 2393 1013 2458 hominibus
1029 2415 1049 2457 e
1066 2391 1192 2478 quibus,
1212 2391 1237 2455 si
1256 2413 1332 2456 vera

132 2573 134 2576 Α
208 2517 273 2560 non
287 2497 430 2579 fuissent,
445 2497 598 2561 facillime
609 2497 727 2561 erroris
740 2498 885 2562 convinci
897 2497 1083 2582 potuissent.

252 2600 304 2663 14.
323 2601 361 2663 In
379 2600 557 2685 Evangeliis
580 2601 676 2685 igitur
697 2601 845 2664 asseritur
864 2601 974 2664 lesum
997 2600 1152 2665 miracula
1175 2607 1328 2683 patrasse,

207 2703 240 2767 in
257 2723 352 2783 cruce
363 2725 492 2788 passum
508 2725 575 2767 esse
592 2713 623 2767 et
634 2705 726 2768 tertia
739 2702 791 2768 die
803 2725 822 2769 a
833 2713 936 2769 morte
946 2705 1130 2767 surrexisse.
1145 2703 1221 2767 Hac
1236 2711 1330 2767 ante-

209 2826 306 2890 quam
319 2806 574 2893 Evanpelistaeea
583 2805 976 2891 conscriberent,hpostoli
986 2805 1330 2891 praedicarantEorum

147 2911 150 2915 '
208 2905 466 2990 praedicationem
479 2908 618 2992 amplexi
630 2908 722 2972 multi
735 2906 901 2973 exludaeis
917 2918 948 2972 et
963 2908 1110 2993 gentihus
1124 2909 1156 2970 in
1172 2907 1330 2971 Christum

209 3009 440 3079 crucifixumct
452 3012 672 3092 resuscitatum
683 3010 898 3076 crediderant.
911 3011 945 3075 Si
957 3010 1092 3076 conficta
1110 3011 1166 3073 ista
1185 3010 1328 3090 fuissent,

209 3131 250 3174 an
266 3112 439 3195 potuissent
454 3112 597 3198 Apostoli
614 3121 645 3176 ct
659 3114 867 3198 Evangelistse
882 3111 1009 3176 ludaeos
1027 3121 1058 3175 et
1074 3111 1205 3196 gentiles
1220 3109 1329 3174 odilla

208 3212 368 3279 credenda
382 3213 545 3280 adducere
561 3214 577 3278 'l
593 3215 643 3279 An
660 3217 834 3300 potuissent
851 3215 977 3279 Judaeos
1000 3237 1019 3278 a
1040 3215 1170 3300 propria
1193 3221 1224 3277 et
1246 3214 1330 3276 avita

206 3311 359 3401 religione
372 3317 423 3381 eui
435 3318 683 3402 pertinacissime
695 3316 892 3381 inhaerebant
904 3318 1053 3401 avellere,
1068 3327 1100 3381 et
1111 3315 1154 3381 ad
1166 3316 1329 3380 hominem

206 3418 250 3484 ab
270 3420 346 3506 ipsis
367 3421 465 3505 paulo
488 3430 562 3485 ante
582 3422 793 3506 ignominiosa
815 3430 916 3485 morte
939 3419 1089 3486 affectum
1115 3422 1159 3484 uti
1182 3421 1347 3484 Messiam=

206 3521 373 3608 Deumque
389 3521 591 3588 adoraudum
608 3522 796 3588 adducere?
810 3524 922 3588 Nonne
937 3522 1038 3588 Judrei
1055 3545 1109 3588 eos
1124 3533 1158 3588 ut
1175 3524 1329 3589 fanaticos

206 3624 406 3708 impostores,
430 3625 599 3691 mendacii
612 3648 701 3708 reos,
727 3624 973 3712 despexissent?
995 3627 1045 3691 An
1069 3626 1201 3712 gentiles
1224 3648 1243 3690 a
1265 3627 1329 3690 suis

206 3723 311 3810 idolis,
326 3726 562 3815 cupiditatibus,
581 3751 600 3793 a
616 3728 811 3812 divitiarum,
833 3730 1044 3814 voluptatum,
1066 3729 1185 3814 gloria,
1203 3729 1329 3812 appeti-

206 3829 292 3893 tione
305 3829 490 3896 abstrahere
505 3834 678 3917 potuisscnt
692 3841 789 3918 atque
802 3829 844 3895 ad
857 3831 970 3895 Christi
982 3832 1169 3916 religionem
1185 3830 1329 3894 omniurn

207 3931 323 3995 horum
339 3934 591 3999 inimicissimam
608 3933 819 4020 pertrahere?
835 3933 927 3999 Fides
941 3935 1109 4023 christiana
1127 3931 1244 3997 Judacis
1260 3944 1329 3996 crat

167 4123 169 4126 Ι
206 4033 406 4120 scandalum,
426 4036 573 4122 gentibus
589 4046 696 4102 autern
720 4036 861 4101 stultitia.
882 4035 913 4099 Si
931 4037 1012 4102 falsa
1028 4037 1243 4125 luissentuquae
1261 4034 1329 4099 haec

206 4135 285 4202 fidos
305 4138 453 4224 docebat,
471 4161 528 4204 seu
544 4161 615 4227 quae
637 4141 810 4226 Evangelia
833 4139 1019 4224 narrabant,
1037 4147 1079 4205 an
1093 4138 1214 4229 ubique
1231 4137 1329 4202 innu-

238 4336 277 4402 (l)
291 4335 368 4387 loen.
380 4336 464 4400 xvth,
477 4335 518 4391 20.
