3132 4964
415 334 489 377 rARS
504 335 528 376 1
546 334 639 376 CAPUT
651 334 707 376 111.
725 333 763 375 llll
776 333 865 376 atauo
877 332 1070 376 astanetum

180 437 317 501 titulum
325 444 432 499 autem
444 434 607 507 babentia
625 434 769 498 versione
784 433 869 497 Lxx
883 442 914 498 et
930 434 963 496 in
980 433 1128 518 Vulgata.
1146 289 1522 599 Praeterea?

179 540 227 602 in
234 538 372 623 Vulgata
396 536 591 623 quandoque
615 537 725 609 brevia
748 535 965 601 additamenta
989 535 1183 621 adjiciuntur
1206 537 1303 600 titulis
1306 416 1549 777 Au

180 627 325 706 hebraici
348 649 461 704 textus.
488 640 539 704 Sic
562 638 605 703 ad
628 641 708 725 psal
735 641 776 704 61
802 639 908 725 (.bebr
934 639 990 724 65)
1011 638 1158 703 hebraeus
1177 638 1301 704 habet

110 741 119 761 ‘
178 744 318 830 psalmas
340 743 463 825 aava,
485 742 621 828 Vulgata
641 741 755 807 addit.
775 745 922 807 canticam
939 744 1079 807 Jeremtae
1094 755 1122 806 et
1138 742 1304 811 Ezechielis
1354 746 1468 856 fa
1414 772 1468 811 a
1474 764 1512 807 c

179 844 295 932 popula
315 847 590 930 transmigrationis
607 847 849 930 conclamitarent
861 847 953 909 eaire
968 844 1043 909 Haec
1061 854 1168 908 autem
1184 842 1304 909 additio
1373 837 1422 904 λιι
1413 828 1560 895 effaetam

183 949 289 1012 necin
303 947 444 1030 hebraeo,
462 969 523 1014 nec
544 949 577 1012 in
593 969 696 1033 graeea
717 948 873 1031 versione,
896 968 955 1011 nec
976 945 1063 1033 apud
1080 946 1252 1012 Eusebium
1275 956 1306 1011 et

183 1051 344 1115 Hilarium
357 1050 505 1115 habetur.
524 1050 741 1117 Theodoretus
753 1050 801 1135 (1)
812 1060 920 1115 autem
933 1050 1048 1116 diserte
1064 1072 1135 1116 eam
1148 1050 1261 1137 rejicit5
1275 1061 1306 1115 ei

183 1152 297 1216 merito
319 1162 355 1216 ut
372 1149 498 1217 videtur
510 1176 521 1236 3
547 1174 623 1216 uam
642 1152 797 1217 ieremias
819 1174 884 1217 non
907 1154 967 1217 luit
987 1175 1060 1217 cum
1084 1154 1247 1218 Ezechiele
1271 1163 1307 1217 ut

184 1254 280 1318 simul
292 1275 365 1318 cum
381 1275 419 1318 eo
436 1256 522 1319 huno
534 1256 693 1340 psalmum
709 1256 829 1341 populo
841 1257 1128 1341 transmigrationis
1144 1258 1303 1336 recitaret,

185 1354 342 1443 siquidem
364 1357 519 1421 ieremias
539 1359 573 1421 in
591 1356 702 1422 ludaea
724 1359 886 1441 remansit,
908 1358 1052 1423 Ezechiel
1076 1368 1196 1442 autem,
1215 1369 1307 1423 ante-

186 1480 284 1546 quam
298 1481 415 1524 munus
430 1461 652 1545 propheticum
667 1462 772 1543 iniret,
786 1461 819 1524 ia
831 1460 1041 1547 Babyloniam
1055 1463 1224 1526 translatus
1236 1461 1308 1525 fue·

185 1570 247 1625 rat.
271 1562 416 1625 Psalmus
436 1563 498 1625 156
520 1562 633 1647 (Hebr.
660 1563 735 1643 157)
758 1573 845 1627 caret
863 1564 954 1627 titulo
974 1561 1060 1647 apud
1085 1561 1249 1645 Hebraeos,
1275 1563 1308 1625 in

184 1664 323 1748 Vulgata
337 1673 444 1728 autem
460 1673 492 1727 et
504 1663 591 1749 apud
608 1665 692 1728 Lxx
704 1664 885 1729 inscribitur
906 1687 913 1729 :
931 1666 1044 1729 Davidi
1056 1687 1113 1750 per
1129 1666 1307 1740 daramium.

184 1767 330 1831 Psalmus
339 1767 402 1830 115
416 1767 530 1852 (Hebr.
546 1767 622 1853 116)
635 1768 872 1852 inscriptionem
885 1768 983 1831 babet
995 1791 1003 1830 ε
1014 1767 1137 1831 alleluia
1148 1791 1159 1832 .·
1171 1767 1308 1851 Vulgata

89 1921 94 1925 .
185 1866 276 1932 addit
290 1891 298 1931 ε
313 1870 420 1952 Aqqoei
431 1882 458 1933 et
469 1869 637 1933 Zacharia.
652 1868 747 1951 Quod
759 1868 1011 1934 additamentum
1024 1871 1073 1933 bis
1084 1868 1190 1933 verbis
1202 1867 1305 1953 rejicit

185 1971 218 2036 S.
245 1970 384 2034 Hilarius
404 1970 452 2057 (1)
476 1994 484 2034 2
509 1995 524 2030 a
551 1972 662 2036 Visum
686 1982 732 2036 est
754 1972 915 2057 aliquibus
933 1972 1079 2036 Jeremiae
1098 1981 1130 2034 et
1148 1971 1257 2055 Aggaei
1278 1980 1309 2034 et

184 2073 357 2157 Zacharia,
384 2073 599 2159 quorumdam
619 2075 817 2158 psalmorum
837 2072 1155 2158 superscriptionibus
1178 2071 1309 2134 nomina

185 2184 383 2262 prenotare3
399 2197 472 2240 cum
485 2177 600 2240 horum
613 2176 692 2239 nihil
704 2176 737 2238 iu
749 2176 937 2239 authenticis
949 2175 1148 2259 septuaginta
1160 2173 1309 2236 Transla-

185 2287 292 2342 torum
312 2278 402 2343 libris
421 2280 465 2343 ita
484 2277 604 2343 editum
624 2280 803 2363 reperiatur
822 2302 830 2341 2
849 2276 930 2341 adeo
948 2286 984 2341 ut
1001 2278 1097 2341 etiam
1115 2277 1148 2339 in
1164 2275 1310 2360 plurimis

185 2381 291 2445 latinis
314 2390 346 2445 et
368 2383 478 2467 graecis
501 2380 664 2447 codicibus
697 2383 764 2445 sine
796 2382 912 2445 horum
936 2379 1118 2444 nominibus
1150 2379 1309 2462 simplices

185 2492 311 2548 tantum
384 2486 524 2551 imorum
540 2485 622 2549 tituli
636 2485 846 2569 preferantur
857 2484 917 2569 (5).
939 2511 953 2545 n

96 2654 102 2659 „
232 2588 270 2651 11
302 2588 550 2674 Hispraemissis,
568 2586 610 2651 ad
623 2588 829 2673 questionem
844 2588 1040 2674 propositam
1053 2584 1307 2671 respondemus:
1338 2556 1398 2652 Δ]
1409 2534 1503 2639 '⁷751

184 2690 281 2774 tituh,
304 2691 359 2776 qui
375 2692 475 2789 ψ
498 2690 683 2777 igr-hebraeo
707 2701 739 2755 et
761 2692 794 2754 iu
818 2691 1138 2776 vemiouibuqffica
1161 2690 1310 2782 etlatma

185 2801 328 2875 exstam,
356 2793 530 2857 authentici
552 2790 693 2856 habendi
716 2802 790 2857 sunt
811 2791 958 2878 adeoque
980 2790 1129 2856 divinitus
1152 2791 1306 2874 inspirati.

172 2895 270 2966 ⁴Fieri
293 2896 389 2959 etiam
413 2905 517 2981 potest
538 2905 573 2959 ut
596 2896 695 2982 aliqui
717 2895 918 2970 inveniantur
939 2896 973 2958 in
1003 2895 1140 2979 Vulgata
1163 2893 1244 2957 tituli
1266 2891 1309 2955 ab

181 2995 285 3061 Esdra
297 3007 352 3062 aut
363 2999 432 3062 aliis
455 2998 639 3063 auctoribus
660 3000 757 3062 sacris
779 2999 857 3062 olim
880 2997 1010 3082 psalmis
1033 2995 1166 3080 appositi
1189 2995 1244 3078 qui
1266 2993 1309 3057 ab

180 3100 335 3167 hebraico
351 3111 438 3167 textu
450 3101 647 3167 exciderunt.
661 3103 708 3166 lle
721 3124 785 3188 qua
800 3123 835 3166 re
852 3123 891 3166 ex
904 3101 1021 3185 regulis
1033 3100 1148 3164 criticis
1156 3096 1309 3183 judican-

181 3201 263 3287 dum
278 3213 335 3268 est.
347 3202 575 3269 additamenta
588 3213 695 3269 autem
708 3202 857 3290 quaejam
869 3203 980 3267 Patres
992 3199 1183 3288 rejecerunt,
1193 3197 1308 3266 eadem

179 3307 369 3371 auctoritate
398 3329 462 3394 qua
489 3309 570 3371 tituli
592 3326 798 3394 nequaquam
822 3303 985 3391 gaudent,
1011 3304 1157 3391 quamvis
1186 3303 1306 3366 nemini

176 3407 275 3471 liceat
290 3408 413 3492 privata
425 3410 611 3473 auctoritate
626 3430 664 3472 ea
679 3429 698 3472 a
711 3407 848 3492 Vulgata
860 3405 1068 3493 expungere(
1070 3399 1144 3519 1)]

106 3532 194 3597 q
226 3512 281 3576 11.
294 3516 340 3578 De
349 3513 538 3599 psalmorum
552 3513 720 3579 auctoribus
723 3476 878 3626 sslertum
896 3521 942 3577 est
954 3509 1109 3575 Davidem
1132 3531 1199 3574 esse
1220 3530 1305 3595 pra·
1360 3461 1421 3565 as
1426 3455 1513 3617 11

6 3404 17 3457 t.
63 3378 66 3382 .

6 3708 7 3711 ’
117 3722 119 3727 ’
216 3714 253 3777 (1)
266 3714 415 3766 theodoret.
428 3715 456 3764 ia
470 3717 565 3780 psalm
578 3713 661 3768 Lith.

6 3780 7 3801 ¹
216 3795 253 3862 (1)
262 3796 333 3848 Prot.
346 3797 477 3861 tapsaim.
490 3811 516 3847 n.
529 3796 555 3848 1.

138 3946 144 3954 ⁶
214 3881 252 3943 (a)
273 3879 300 3930 iu
328 3881 442 3931 versione
468 3881 563 3943 syriae·
590 3881 704 3945 singulus
731 3881 842 3943 animus
864 3879 1017 3940 peculiarem
1036 3878 1111 3928 habet
1131 3877 1305 3941 titulumque

177 3971 280 4025 auctor,
297 3964 403 4024 occasio,
418 3950 597 4026 argumentum
614 3964 653 4014 vel
668 3963 744 4014 etiam
761 3975 850 4013 seusus
868 3960 990 4025 mysticus
1006 3960 1115 4023 psalmi,
1129 3959 1262 4010 indicatur.
1276 3958 1305 4009 ln

176 4047 285 4100 nomine
298 4046 408 4097 aucmris
421 4044 475 4097 lere
486 4046 602 4097 coureuit
611 4059 670 4096 cum
682 4045 781 4096 hebreo
790 4052 818 4095 et
830 4043 888 4095 aliis
907 4043 1075 4104 versionibus,
1087 4041 1114 4092 iu
1129 4042 1221 4093 ceteris
1235 4055 1305 4104 pror·

176 4128 330 4181 susditlert.

206 4212 246 4275 (4)
259 4210 312 4262 Gir.
327 4210 408 4278 Walte
418 4212 445 4262 iu
457 4210 636 4262 Dtcltoaaatre
646 4207 740 4273 mcycl.
758 4208 788 4265 cla
800 4207 826 4258 la
840 4206 914 4259 theol.
929 4206 997 4258 eolla.
1012 4207 1044 4259 ad
1055 4219 1141 4258 vocem
1151 4221 1157 4256 ε
1167 4218 1304 4271 pacemne·

179 4296 278 4358 Glaire,
290 4295 401 4356 151501,ι
413 4294 520 4356 calmet,
534 4293 642 4345 Discere.
655 4293 686 4342 ile
695 4290 763 4357 psal.
776 4289 875 4352 titalia;
886 4290 970 4352 Veitb,
983 4289 1081 4356 script.
1093 4302 1172 4342 saera
1184 4290 1245 4340 aaa.
1261 4288 1304 4339 ia·

176 4377 302 4432 credulos
310 4382 485 4445 propaginata,
496 4383 561 4440 part.
572 4377 602 4439 V,
614 4375 681 4427 Sect.
696 4374 713 4436 1,
724 4374 750 4437 9,
764 4373 802 4425 til.
