3134 4934
286 306 361 349 rans
377 307 413 349 11.
432 305 526 349 eaeor
542 308 571 350 v.
589 307 627 349 ne
642 306 875 358 ounruonnearu
890 306 916 348 s.
934 305 1023 347 raum
1036 305 1195 350 urrsronrs.
1243 289 1306 353 575

175 402 321 487 Denique
334 423 465 466 omnem
478 405 698 467 controversia
710 405 796 468 viam
810 402 974 488 praecludit
986 401 1163 467 Concilium
1176 405 1306 470 Triden-

174 507 278 569 tinum
295 508 326 570 in
343 510 473 575 sessione
486 508 530 574 IV
546 507 714 572 declarans
727 509 902 594 Epistulam
914 508 1005 570 Pauli
1018 506 1059 570 ad
1073 507 1225 573 Hebraeos
1238 532 1305 573 esse

176 609 376 673 canonicam.
397 610 509 673 Merito
527 610 622 695 igitur
640 609 801 675 concludit
820 611 1024 675 Cornelinsa
1045 610 1164 697 Lepide
1183 610 1223 676 de
1242 612 1304 677 fide

175 711 342 775 essebanc
358 712 532 796 Epistolam
549 712 591 776 ad
606 714 805 798 scripturam
822 712 947 778 sacram
962 714 1133 798 pertinere.

219 814 272 876 18.
290 815 416 880 Auctor.
436 816 481 877 Ex
506 816 691 879 testimoniis
714 838 809 901 supra
834 816 971 879 recitatis
995 825 1082 900 patet
1107 807 1340 925 constantem]

174 916 369 1001 antiquitatis
387 916 486 980 fidem
508 919 608 981 Paulo
632 920 754 982 auctori
778 920 953 1002 Epistulam
973 918 1132 983 tribuisse.
1150 920 1218 984 Sub
1236 921 1305 1007 ejus
1398 1007 1399 1011 Ἰ

175 1019 259 1081 enim
291 1021 419 1084 nominc
449 1021 599 1084 continuo
628 1021 763 1106 allegata
795 1021 865 1084 fuit.
892 1021 1045 1106 Origenes
1069 1021 1184 1086 diserte
1209 1024 1305 1088 tradit

174 1119 258 1181 lianc
271 1139 339 1182 esse
350 1119 557 1204 antiquorum
569 1118 678 1183 fidem.
698 1121 878 1202 Pantanus,
895 1120 1041 1184 Clemens
1054 1120 1301 1204 Alexandrinus,
1337 1165 1342 1264 ,

173 1220 340 1304 Eusebius,
357 1222 570 1307 Hieronymus
583 1231 614 1285 et
631 1221 849 1286 Tlreodoretus
862 1221 1002 1286 enodare
1015 1219 1142 1287 stude'nt
1162 1224 1303 1289 dillicul-

173 1332 264 1405 tates,
285 1345 356 1409 quac
376 1323 529 1387 adversus
551 1325 635 1388 hanc
656 1326 844 1389 sententiam
865 1347 903 1388 ex
926 1327 1064 1410 Epistola
1090 1327 1157 1410 ipsa
1178 1326 1301 1392 desumi

175 1436 312 1510 possent.
332 1426 556 1508 TertullianuS,
575 1426 665 1512 isque
683 1428 787 1508 solus,
807 1448 879 1491 eam
894 1427 1050 1492 Barnabae
1067 1429 1176 1493 tribuit
1191 1441 1301 1495 contra

173 1528 268 1591 totius
285 1529 481 1614 antiquitatis
500 1529 714 1607 traditionem,
732 1551 803 1616 quae
816 1532 945 1595 unicam
964 1530 1119 1594 Barnabae
1134 1507 1324 1636 epistolam]

173 1633 303 1714 agnovit
316 1654 452 1718 eamque
468 1632 511 1696 ab
524 1635 579 1697 illa
596 1635 636 1696 ad
650 1633 789 1698 Hebraeos
805 1655 933 1718 prorsus
951 1632 1123 1697 diversam.
1138 1635 1314 1738 Erasmusq

172 1733 353 1819 Gajetanus,
371 1737 505 1799 etmulti
523 1747 637 1800 nostrae
649 1737 747 1799 rotatis
759 1737 975 1800 Rationalistae
988 1737 1124 1799 Paulum
1137 1723 1301 1802 auctorem

173 1847 315 1922 negante
337 1838 370 1901 l⁰
386 1839 461 1923 quia
474 1860 593 1901 nomen
608 1838 752 1923 Apostoli
770 1839 865 1903 fronti
883 1839 1029 1923 Epistulae
1045 1848 1168 1902 nonest
1185 1840 1302 1904 inseri·
1317 1850 1345 1965 p

173 1947 287 2022 ptum3
311 1941 343 2002 2⁰
371 1940 448 2025 quia
465 1941 548 2003 alius
575 1949 623 2003 est
649 1941 746 2025 stylus
765 1941 893 2027 aliaque
913 1939 1009 2003 dictio
1033 1962 1052 2003 a
1076 1941 1188 2003 ceteris
1209 1942 1301 2004 Pauli

172 2042 342 2126 Epistolis3
371 2043 406 2105 50
425 2042 500 2128 quia
526 2052 637 2107 auctor
656 2064 689 2106 se
709 2043 829 2128 praebet
848 2052 1015 2127 tamquam
1035 2040 1227 2126 discipulum
1245 2044 1300 2129 qui
1313 1999 1401 2153 ff

172 2167 239 2209 nen
255 2145 439 2210 immediate
463 2169 482 2210 a
504 2148 591 2230 Jesu,
611 2145 667 2210 sed
689 2146 828 2210 mediate
853 2155 976 2209 tantum
1001 2144 1185 2209 ellbrmatus
1204 2146 1301 2211 fucrit

171 2252 230 2336 (ll,
253 2251 286 2336 5)
303 2260 334 2315 et
349 2260 421 2337 post
436 2260 573 2316 mortem
590 2251 734 2335 Apostoli
757 2251 917 2335 scripserit
932 2249 1033 2335 (XIII,
1053 2248 1099 2333 7).

218 2354 271 2416 19.
297 2355 365 2417 lstae
390 2352 590 2418 difficultates
623 2374 694 2439 quae
728 2353 876 2439 antiquos
907 2373 972 2415 non
999 2349 1179 2435 effugerunt
1207 2355 1301 2419 variis

170 2455 466 2521 modisdiluuntur.
949 2460 951 2463 ’

217 2561 268 2624 20.
293 2562 325 2624 ’1ο
347 2559 517 2644 Apostolus
540 2561 687 2646 Epistolae
711 2582 827 2624 nornen
856 2583 950 2625 suurn
979 2585 1044 2627 uon
1068 2561 1213 2648 praelixit,
1238 2570 1301 2625 tres

108 2640 116 2657 Ι
170 2663 215 2728 ob
236 2684 346 2727 causas
363 2686 370 2725 ε
389 2665 500 2737 Unam,
521 2664 596 2749 quia
615 2663 734 2728 sciebat
750 2685 974 2728 nomensuum
987 2667 1123 2730 invisum
1143 2665 1297 2747 Hebraeis,

172 2774 342 2850 propterea
353 2764 441 2850 quod
450 2767 541 2851 Legis
553 2766 866 2852 observantias,quas
879 2768 924 2830 illi
937 2766 1099 2832 mordicus
1106 2767 1340 2865 retinebant&

169 2867 343 2953 abrogatas
355 2866 504 2933 docebat.
514 2869 606 2934 Hanc
618 2871 776 2934 rationem
788 2869 950 2933 insinuant
959 2870 1105 2934 Clemens
1115 2869 1302 2934 Alexandri-

171 2992 243 3052 nus,
268 2980 299 3034 et
316 2971 540 3057 Hieronymus.
561 2972 669 3036 Altero
684 2975 763 3036 ratio
780 2982 838 3055 est,
857 2993 955 3058 quarn
975 2972 1118 3038 indicant
1132 2974 1301 3037 Pantaenus

170 3083 203 3137 et
224 3072 451 3157 Theodoretus,
474 3074 549 3159 quia
573 3075 691 3139 Paulus
712 3096 776 3138 non
798 3074 1009 3140 Hebraeerum
1034 3076 1223 3161 Apostolum
1244 3074 1301 3140 sed

168 3176 313 3264 gentium
332 3177 482 3240 continuo
495 3164 533 3241 ¹se
548 3176 769 3262 profitebatur.
797 3179 897 3241 Tertia
913 3183 991 3249 rotie
1011 3178 1188 3244 desumitur
1206 3201 1245 3243 ex
1261 3200 1300 3244 eo

127 3321 134 3327 -
169 3278 258 3363 quod
278 3279 396 3342 Paulus
424 3279 456 3343 in
486 3281 548 3344 hac
568 3281 707 3364 Epistola
736 3281 846 3344 Jesum
864 3283 1084 3366 appellaturus
1111 3283 1300 3368 Apostolum

133 3394 136 3399 '
168 3383 380 3446 confessionis
390 3390 516 3466 nostrae,
534 3390 665 3468 propter
677 3404 768 3446 suam
781 3383 894 3447 Christi
907 3387 1132 3468 reverentiam,
1147 3386 1300 3450 eumdem

170 3485 297 3548 titulum
314 3485 374 3548 sibi
386 3505 540 3570 arrogare
553 3486 701 3550 noluerit.

215 3587 267 3650 21.
296 3589 329 3649 A*
352 3587 429 3672 Styli
452 3585 617 3652 diversitas
639 3588 727 3652 varie
752 3590 940 3674 explicatur.
966 3591 1078 3654 Plures
1101 3613 1140 3654 ex
1162 3591 1301 3675 antiquis
1328 3629 1330 3632 <

169 3709 301 3752 causam
315 3687 409 3773 hujus
424 3687 614 3753 diversitatis
627 3699 786 3774 reponunt
799 3691 831 3753 in
843 3712 882 3754 co
897 3690 985 3775 quod
997 3691 1137 3776 Epistola
1149 3691 1301 3754 hebraice

169 3792 287 3875 scripta
304 3791 400 3854 inerit
417 3801 447 3854 et
463 3811 565 3876 grace
581 3793 646 3855 sive
660 3787 720 3878 'per
732 3794 866 3874 Lucam,
880 3794 946 3857 sine
959 3815 1018 3878 pcr
1030 3794 1240 3873 Clementem,
1258 3794 1301 3856 ita
1377 3828 1382 3837 x

169 3894 323 3956 translata
335 3903 370 3956 ut
385 3914 457 3978 quae
472 3896 662 3983 eloquenter
678 3897 794 3980 scripta
808 3896 935 3959 fuerant
952 3898 984 3960 in
998 3895 1125 3960 hebraeo
1143 3897 1300 3981 cloquen-

168 3997 231 4058 tius
246 4005 446 4059 verterentur
466 3997 499 4059 in
518 3984 671 4080 mecum,
693 4007 727 4060 ut
747 3997 844 4061 habet
865 3998 1088 4084 Hieronymus.
1109 3998 1223 4080 Estius,
1244 3996 1300 4082 qui

170 4099 344 4182 Epistolam
369 4118 471 4183 graece
501 4101 653 4184 scriptam
683 4110 794 4184 tenet,
830 4103 980 4186 opinatur
1010 4102 1178 4166 materiam
1206 4100 1300 4164 totins

169 4199 329 4284 Epistola,
347 4202 442 4265 simul
461 4209 493 4264 et
510 4199 668 4284 ordinem,
686 4224 705 4266 a
723 4204 824 4267 Paulo
847 4204 942 4268 luisse
964 4204 1199 4268 subministrata
1214 4227 1223 4286 3
1243 4201 1300 4267 sed

169 4303 436 4387 compositionem
454 4312 485 4368 et
503 4313 652 4368 ornatum
668 4325 735 4369 esse
754 4304 921 4391 cujusdam
938 4307 1079 4392 alterius,
1098 4305 1189 4392 cujus
1202 4326 1300 4391 opera
