3166 4958
375 292 450 335 raas
465 293 487 335 1.
504 293 597 336 carus
611 294 700 336 axau.
718 293 756 334 na
768 293 942 336 raornnrns
956 296 1105 345 ominus.
1238 276 1301 342 175

168 387 331 473 Josephus
346 410 405 454 nos
427 388 579 456 admonet
591 391 735 473 Darium,
757 390 900 477 Astyagis
921 391 1033 477 filium,
1050 396 1112 461 alio
1137 400 1300 473 nominee

169 489 292 555 Grecis
302 489 461 576 designari
473 493 484 568 l
488 494 532 575 l).
548 495 581 557 5⁰
592 494 694 559 Voces
706 493 835 578 persicae
847 497 986 558 sermoni
998 497 1137 563 Danielis
1149 501 1301 565 immixtae

169 594 320 678 apprime
351 595 384 658 in
412 604 535 660 etatem
563 595 659 682 hujus
679 596 845 682 Propheta
872 595 1041 681 quadrant.
1067 601 1169 668 Voces
1193 611 1300 667 autom

169 714 285 780 graecae
297 699 435 762 rariores
450 708 524 763 sunt
539 701 572 762 in
585 698 667 763 lihro
681 699 831 779 Danielis,
847 707 877 762 et
893 701 1094 769 solummodo
1108 703 1301 770 adhibentur

169 796 227 863 ubi
243 796 453 884 designantur
465 803 620 866 nonnulla
633 802 798 865 musicalia
811 801 1032 887 instrumenta,
1048 827 1119 891 quae
1135 808 1299 871 fortassee

172 898 292 967 Graeeis
305 905 440 968 asiaticis
452 905 514 968 hac
527 914 618 969 aetate
634 903 675 969 ad
689 903 854 970 Chaldaeos
874 908 1095 992 transiverant,
1112 920 1147 973 ut
1161 911 1301 974 fatentur

171 1005 217 1075 De
232 1007 345 1072 Wette
361 1016 392 1071 et
403 1009 629 1072 Rosenmtiller
640 1008 700 1093 (a).
719 1009 752 1072 4⁰
768 1007 862 1089 Quod
878 1007 1017 1095 denique
1032 1013 1143 1078 Daniel
1160 1012 1300 1078 dilucide

170 1115 321 1192 tempora
335 1118 366 1172 et
383 1111 523 1174 actiones
539 1110 688 1175 Antiochi
704 1111 879 1195 Epiphanio
898 1111 1090 1197 praedixerit,
1108 1114 1170 1179 hoe
1186 1115 1301 1201 prohat

172 1209 278 1293 ipsum
291 1210 412 1295 Spiritu
424 1214 612 1297 prophetico
625 1221 732 1276 aetum
745 1214 853 1297 luisse,
868 1214 977 1285 lutura
988 1216 1047 1302 ipsi
1060 1218 1146 1283 clare
1162 1219 1301 1283 revelata

173 1309 270 1379 luisse
288 1322 321 1376 et
337 1314 418 1378 nihil
432 1312 533 1378 aliud.

217 1415 272 1481 14.
293 1418 427 1481 Instant.
446 1418 478 1480 Si
501 1418 583 1482 liber
599 1417 740 1481 Danielis
754 1427 829 1482 ante
850 1426 995 1504 tempora
1011 1421 1185 1507 Epiphanio
1202 1425 1300 1488 exsti-

172 1517 271 1600 tisset,
294 1517 327 1582 in
358 1539 480 1582 canone
503 1520 586 1582 inter
609 1519 784 1603 Prophetas
807 1520 963 1603 repositus
985 1522 1117 1607 luisset3
1143 1522 1300 1610 siquidem

173 1618 359 1701 Malachiae,
375 1619 429 1704 qui
442 1617 498 1683 diu
511 1628 582 1703 post
596 1619 762 1683 Danielem
775 1621 863 1703 vixit,
880 1621 914 1683 in
929 1642 1051 1686 canone
1067 1624 1300 1709 Prophetarum

173 1719 324 1785 hahetur.
348 1720 586 1806 Hagiographis
611 1719 713 1784 Judaei
740 1721 905 1785 Danielem
934 1722 1188 1808 conjunxerunt,
1225 1727 1299 1812 quia

175 1822 303 1887 clausus
313 1821 384 1908 jam
398 1832 467 1889 erat
483 1824 717 1908 Prophetarum
732 1845 847 1888 canon.
864 1824 1008 1910 Denique
1025 1826 1051 1889 si
1066 1827 1148 1891 liber
1161 1827 1300 1892 Danielis

174 1925 353 2007 exstitisset,
367 1923 409 1989 de
432 1946 469 1989 eo
486 1947 550 1990 non
568 1925 702 1990 siluisset
719 1925 876 1990 Siracides
892 1928 925 1990 in
943 1948 981 1992 eo
999 1929 1069 1994 loco
1087 1929 1143 1995 ubi
1157 1938 1301 1995 recenset

177 2047 289 2092 omnes
305 2028 496 2113 Prophetas.

218 2128 271 2194 15.
293 2131 382 2214 Resp.
400 2129 433 2194 Si
449 2129 531 2195 liber
548 2129 687 2194 Danielis
700 2129 784 2193 circa
800 2138 942 2214 tempora
962 2130 1110 2195 Antiochi
1126 2132 1300 2217 Epiphanio

176 2234 374 2316 conscriptus
388 2242 446 2316 est,
458 2233 583 2318 spurius
597 2241 654 2316 est,
669 2230 815 2318 adeoque
829 2231 930 2297 Judei
944 2233 1116 2321 nequidem
1128 2243 1300 2320 potuerunt

176 2334 267 2406 illum
287 2334 519 2420 Hagiographis
535 2355 759 2399 annumerare.
775 2336 860 2419 Ergo
871 2334 1010 2422 objectio
1028 2336 1123 2400 nimis
1139 2324 1256 2422 prohal
1271 2346 1302 2401 et

170 2447 411 2522 consequenter
427 2438 507 2502 nihil
528 2437 654 2523 prohat.
670 2437 903 2522 Argumentum
921 2448 1029 2503 autem
1043 2461 1082 2504 cx
1098 2440 1222 2504 silentio
1237 2440 1303 2505 Eo-

179 2539 343 2605 clesiastici
360 2538 535 2604 deductum
548 2550 594 2607 est
613 2561 702 2603 mere
720 2539 914 2624 negativum.
934 2539 1082 2605 Ceterum
1100 2561 1192 2605 mens
1212 2541 1302 2605 Sira·

180 2639 255 2706 cidis
283 2664 348 2707 non
374 2645 434 2708 luit
456 2664 623 2708 recensere
643 2663 754 2707 omnes
774 2644 943 2727 scriptores
957 2642 1102 2708 hebraeos
1119 2654 1174 2708 aut
1192 2661 1304 2708 omnes

180 2763 291 2809 eorum
313 2746 399 2811 viros
423 2748 604 2830 preclaros,
630 2745 774 2831 alioquin
799 2767 865 2810 non
892 2746 1046 2810 omisisset
1068 2746 1142 2830 Job,
1168 2745 1303 2811 Fsdram

181 2854 276 2932 atque
299 2846 548 2913 Mardochaeum.
568 2847 726 2911 Praeterea
750 2846 908 2912 Siraoides
925 2849 1066 2912 celebrat
1082 2848 1277 2912 Ezechielem
1293 2873 1302 2929 ;

175 2947 244 3033 jam
269 2959 376 3015 autern
400 2950 545 3015 Ezechiel
568 2959 728 3015 memorat
743 2950 909 3014 Danielem
932 2959 1087 3036 tanquam
1110 2950 1302 3034 sapientissi-

180 3073 268 3122 mum
292 3059 388 3140 atque
408 3052 631 3140 justissimum,
649 3049 736 3138 quod
751 3072 880 3135 prorsus
896 3072 971 3116 curn
990 3061 1096 3116 nostro
1113 3050 1196 3115 libro
1219 3073 1302 3115 con-

180 3165 280 3221 sonat.

220 3260 274 3324 ts.
288 3258 514 3324 Concludimus
527 3260 622 3343 igitur
644 3258 734 3322 nullo
751 3254 827 3343 jure
851 3256 1076 3321 Rationalistas
1099 3265 1223 3320 etatem
1246 3276 1302 3319 re-

181 3363 351 3428 centiorem
373 3361 455 3425 lihro
479 3360 619 3424 Danielis
642 3360 815 3444 assignare.
840 3359 910 3423 lmo
933 3379 1044 3423 eorum
1069 3359 1210 3439 assertio,
1237 3379 1302 3444 qua

175 3462 288 3529 dicunt
310 3463 429 3529 librum
446 3473 535 3527 telate
556 3462 704 3526 Antiochi
721 3461 895 3546 Epiphanis
910 3460 1104 3542 confectum,
1119 3461 1206 3524 omni
1222 3460 1302 3523 fun-

182 3564 328 3632 damento
345 3577 443 3632 caret.
458 3567 595 3648 Etenim,
610 3567 633 3630 si
651 3564 733 3629 liber
744 3566 884 3630 Danielis
897 3564 939 3630 ad
956 3574 1081 3630 aetatem
1101 3563 1302 3630 Machabaeo·

182 3689 251 3733 rum
262 3672 446 3756 pertineret,
460 3691 525 3734 non
538 3670 733 3732 inveniretur
746 3669 779 3730 in
791 3689 914 3731 canone
926 3665 1122 3732 Judaeorum.
1137 3666 1202 3728 Nec
1215 3666 1301 3728 enim

183 3769 261 3835 liber
273 3771 353 3836 adeo
372 3773 497 3857 spurius
508 3769 625 3834 Judaeis
637 3779 792 3855 tanquam
806 3791 899 3833 verus
916 3766 1045 3833 ohtrudi
1058 3766 1219 3851 potuisset,
1242 3786 1303 3829 uec

175 3869 390 3963 *distinxissent
404 3872 506 3949 Judaei
526 3881 651 3958 partem
670 3872 984 3958 protocanonicama
1001 3877 1092 3954 parte
1112 3866 1301 3932 deuterose-

184 3965 306 4060 nonica,
324 3996 384 4040 neo
404 3975 523 4040 librum
538 3974 678 4039 Danielis
696 3983 849 4061 tanquam
871 3972 1093 4058 propheticum
1118 3965 1301 4037 Alexandro

177 4187 533 4295 'annuemusv
837 4262 841 4269 .

194 4370 197 4375 Ι
216 4301 250 4368 (2)
263 4305 300 4357 oe
311 4305 406 4370 Wctte,
421 4304 551 4365 Etotcim
566 4303 624 4366 est,
637 4305 664 4368 h,
675 4310 728 4357 aot.
742 4303 759 4357 l.
