3134 4934
257 322 323 387 594
482 345 683 388 rnrnonucrro
699 342 847 389 srucranrs
867 347 899 388 nr
915 345 941 390 s.
956 347 1157 392 senrrrunsu.

257 444 348 508 ribus
368 455 521 509 consonat
543 445 576 508 in
595 446 681 509 Actis
701 446 735 509 S.
762 447 893 511 loannis
908 445 1050 531 Apostoli
1061 447 1121 534 (1).
1144 447 1239 529 Quod
1259 449 1338 513 iacit
1357 459 1389 514 ct

258 549 407 633 iosippus
425 550 457 612 in
470 547 561 612 Libro
579 546 750 612 memoriali
760 547 820 634 (2).

303 652 334 714 6.
351 651 533 717 Victorinus
544 650 794 732 Petavionensis,
811 649 979 714 Commeat.
996 652 1178 737 inApoeol.,
1192 654 1256 718 ait:
1270 678 1286 713 «
1299 654 1390 736 Quo-

258 756 344 817 niam
366 752 496 840 quando
513 754 576 817 hoe
593 751 671 817 vidit
688 752 828 816 loannes
846 762 914 816 erat
938 753 1091 819 ininsula
1109 755 1239 820 Patmos
1257 758 1290 820 in
1316 777 1390 821 me-

256 859 371 921 tallum
391 856 562 921 damnatus
586 877 605 919 a
626 856 807 919 Domitiano
827 854 960 920 Caesare.
988 855 1037 919 Ibi
1058 878 1136 942 ergo
1161 854 1241 922 vidit
1263 860 1391 944 Apocu-

257 959 373 1046 lypsin.
388 986 402 1019 r
423 959 581 1023 Consonat
597 958 726 1022 Orosius
742 957 792 1044 (5)
810 956 937 1021 tradens
952 958 1111 1023 loannem
1127 982 1145 1024 e
1158 961 1288 1025 Patmos
1304 960 1392 1024 libe-

258 1073 364 1127 ratum
385 1063 445 1127 sub
465 1063 591 1144 Nerva,
617 1061 790 1125 Domitiani
815 1082 1007 1126 successore.
1035 1062 1196 1127 Cedrenus
1220 1062 1269 1150 (4)
1291 1064 1391 1128 refert

257 1168 291 1230 S.
312 1166 520 1252 Hippolytum
544 1167 639 1229 etiam
661 1163 828 1228 tradidisse
847 1164 1006 1228 loannem
1026 1167 1059 1228 in
1081 1166 1230 1230 Palmum
1251 1167 1391 1231 insulam

258 1269 319 1333 sub
335 1270 517 1334 Domitiano
533 1267 738 1352 deportatum
755 1266 798 1330 ibi
816 1266 1031 1352 Apocalypsin
1046 1269 1219 1354 scripsisse.

304 1374 336 1436 7.
371 1372 595 1450 Tertullianus,
613 1371 659 1433 De
680 1371 839 1455 praescrip.
866 1370 932 1453 56,
959 1391 1076 1434 nomen
1100 1370 1303 1455 imperatoris
1326 1394 1392 1437 non

258 1475 354 1541 tradit
372 1473 503 1562 quando
521 1471 598 1537 dicit
619 1495 626 1535 ι
654 1496 668 1530 «
689 1473 794 1536 Roma
812 1472 929 1536 felix...
962 1472 1016 1536 ubi
1045 1472 1216 1559 Apostolus
1236 1476 1390 1556 loannes,

237 1585 239 1590 '
258 1587 468 1663 posteaquam
492 1578 525 1639 in
548 1575 656 1638 oleum
680 1575 810 1658 igneum
835 1573 1012 1659 demersus,
1039 1574 1118 1639 nihil
1139 1598 1250 1661 passus
1273 1586 1332 1660 est,
1358 1578 1391 1640 in

258 1681 396 1745 insulam
414 1680 586 1763 relegatur.
611 1704 625 1738 n
640 1677 673 1740 S.
691 1677 905 1762 Hieronymus
923 1676 1006 1763 (odo.
1021 1680 1125 1743 levin.
1142 1680 1167 1762 I,
1188 1680 1244 1762 26)
1259 1680 1393 1745 Tertul-

257 1784 335 1848 liani
360 1781 581 1847 auctoritatem
612 1781 765 1844 invocans
798 1782 909 1844 asserit
940 1780 1098 1845 loannem
1125 1782 1185 1846 sub
1208 1783 1390 1847 Domitiano

257 1888 435 1971 relegatum
456 1907 464 1947 ε
489 1906 504 1943 a
527 1882 614 1950 Vidit
639 1884 725 1946 enim
748 1884 781 1945 in
804 1882 933 1946 Patmos
957 1884 1073 1966 insula,
1099 1883 1132 1947 in
1155 1905 1221 1970 qua
1244 1885 1351 1950 fuerat
1371 1908 1390 1949 a

257 1989 438 2053 Domitiano
467 1987 610 2072 principe
635 1985 678 2049 ob
705 1985 833 2048 Domini
863 1986 1050 2071 martyrium
1078 1988 1238 2072 relegatus
1257 1988 1391 2074 Apoca-
1472 2036 1484 2048 .

258 2092 371 2177 lypsin,
392 2089 515 2153 infinita
531 2089 715 2153 futurorum
734 2087 883 2172 mysteria
905 2088 1132 2153 continentem.
1153 2091 1265 2154 Refert
1280 2101 1390 2156 autcm

256 2191 469 2256 Tertullianus
492 2188 580 2276 quod
603 2190 716 2254 Romae
739 2189 788 2274 (5)
812 2189 926 2253 missus
949 2190 982 2252 in
1006 2190 1157 2254 ferventis
1184 2192 1246 2256 olci
1264 2190 1390 2256 dolium

256 2295 368 2380 purior
378 2297 411 2356 et
422 2291 565 2376 vegetior
578 2291 710 2354 exiverit
722 2310 822 2375 quam
835 2292 1011 2355 intraverit.
1030 2318 1044 2353 n
1059 2294 1141 2356 Item
1159 2290 1253 2357 docet
1267 2294 1301 2358 S.
1320 2295 1391 2358 Do·

259 2406 328 2460 ctor
345 2395 379 2458 in
393 2393 477 2458 libro
495 2392 536 2457 de
552 2394 621 2457 Vir.
640 2392 687 2457 ill.
707 2394 726 2456 9
743 2401 774 2456 et
792 2394 823 2456 in
842 2392 1004 2457 Chronico.

302 2499 333 2561 8.
359 2497 504 2581 Denique
527 2497 660 2559 Photius
679 2495 727 2581 (6)
752 2496 889 2559 exactis
913 2495 1055 2581 martyrii
1073 2495 1108 2559 S.
1131 2496 1288 2561 Timothei
1313 2518 1389 2562 cum

257 2602 370 2666 ceteris
386 2599 524 2663 affirmat
542 2598 701 2662 loannem
718 2597 779 2661 sub
796 2598 976 2661 Domitiano
996 2599 1029 2660 in
1047 2598 1176 2662 Patmos
1196 2599 1387 2685 relegatum,

256 2725 329 2791 quae
348 2713 396 2767 est
414 2704 510 2788 igitur
539 2703 701 2766 unanimis
728 2702 796 2765 iere
817 2702 961 2765 omnium
988 2702 1387 2786 antiquorumsentcntia.
1454 2701 1459 2711 ’

301 2808 333 2873 9.
352 2809 468 2872 Attctor
485 2817 574 2892 atque
596 2806 773 2870 auctoritas.
794 2806 832 2867 In
850 2802 1022 2869 Occidente
1045 2825 1213 2890 nunquam
1230 2803 1272 2869 de
1295 2805 1391 2892 Apo-

257 2913 420 2998 calypseos
437 2918 568 2973 auctore
586 2909 637 2973 vel
653 2908 842 2971 auctoritate
860 2907 1015 2972 canoniea
1031 2905 1213 2972 dubitatum
1232 2916 1291 2990 est,
1305 2908 1390 3001 bene

256 3016 381 3079 veroin
400 3010 607 3097 Orientali).
625 3011 696 3075 Non
715 3009 770 3074 alii
795 3029 871 3073 vero
895 3018 1070 3073 noscuntur
1095 3011 1150 3096 qui
1173 3008 1393 3096 Apocalypsin.

290 3216 326 3281 (t)
337 3217 384 3280 Ap.
397 3215 489 3277 iligna,
507 3212 609 3264 Patrol.
619 3226 660 3278 pr.
675 3211 705 3271 t',
723 3210 795 3262 ¹242.

289 3299 326 3363 (Ξ)
336 3300 384 3362 Ap.
400 3297 493 3361 iligna,
508 3296 607 3345 Patrol.
618 3307 659 3360 pr.
671 3294 733 3355 CVI,
750 3294 808 3345 lid.

225 3390 227 3393 ’
289 3382 325 3445 (5)
336 3378 449 3439 Orosius,
462 3375 516 3429 Lib.
532 3374 585 3437 vti,
597 3388 622 3428 c.
636 3375 659 3425 7.
677 3438 680 3443 Δ

223 3521 225 3525 ,
288 3463 324 3523 tt)
340 3463 406 3511 ittet.
418 3472 459 3522 ap.
476 3457 568 3521 tttgue,
584 3456 686 3508 Patrot.
703 3470 745 3523 pr.
762 3455 846 3519 cxxi,
859 3457 917 3508 itt.

287 3545 323 3607 (ὅ)
334 3544 383 3594 Pro
403 3542 495 3600 Romu,
513 3541 598 3602 piures
608 3539 716 3600 codices,
735 3539 808 3602 iuxta
823 3538 1005 3599 iiartiauaeum,
1019 3538 1071 3590 imo
1094 3551 1183 3591 omnes
1199 3539 1273 3602 iuxta
1293 3538 1392 3591 valtar-

253 3627 331 3687 sium,
352 3624 445 3675 habent
464 3620 512 3672 aab
527 3620 639 3672 Nerone.
659 3621 721 3683 Quae
733 3620 809 3671 tectio
822 3621 843 3671 si
866 3621 900 3671 sit
918 3609 1084 3676 admittenda.
1109 3622 1283 3672 'tertullianus
1296 3621 1392 3674 dixerit

252 3711 373 3761 loannem
385 3707 433 3756 sub
443 3706 541 3755 Nerone
556 3705 695 3767 retegatum
711 3703 873 3767 Apocalypsin
888 3716 1013 3754 exarasse.
1040 3704 1089 3754 Sed
1107 3705 1244 3768 quominus
1267 3705 1392 3756 admitta-

253 3799 307 3853 tur,
327 3791 411 3840 obstat
432 3787 500 3852 qnod
526 3786 692 3849 Hieronymus
715 3786 741 3835 in
763 3785 849 3835 ardice
872 3797 950 3849 quem
966 3784 1101 3849 exscripsit
1124 3786 1216 3850 legerit
1232 3787 1319 3838 ltomoe
1338 3800 1390 3838 nou

254 3885 314 3923 vero
330 3870 378 3922 snb
396 3863 507 3922 Nerone.
528 3868 555 3919 Si
574 3869 642 3917 euim
660 3867 765 3931 legisset
776 3865 824 3916 sut
839 3865 943 3917 Nerone
960 3879 1011 3916 non
1028 3866 1064 3917 ita
1077 3873 1149 3918 certo
1159 3866 1332 3919 affirmavissot
1343 3867 1392 3917 im·

250 3955 364 4006 medime
377 3956 437 4005 ante
448 3952 496 4002 ista
509 3951 584 4001 rerba
597 3946 717 4000 loannem
729 3951 778 4000 sun
792 3947 935 4000 Domitiano
945 3948 1086 4012 relegatum
1099 3949 1125 3999 tu
1136 3948 1249 4000 Patmos.

286 4036 322 4100 (θ)
331 4033 396 4086 ntor.
407 4034 463 4084 eod.
477 4031 536 4083 254.
549 4031 713 4095 propugnant
724 4030 887 4091 Bdundhni,
898 4028 965 4080 Aeto
975 4030 1066 4082 Sonat.
1077 4029 1133 4081 tan.
1144 4029 1175 4091 ll,
1187 4030 1229 4081 dte
1241 4029 1321 4094 24‚p.
1330 4024 1390 4093 aot,

251 4118 409 4181 Polycraten,
430 4113 525 4179 Eptest
542 4112 709 4177 episcopum,
730 4114 763 4165 ad
783 4112 861 4163 tinem
876 4124 935 4165 sae.
957 4111 989 4174 tt,
1003 4117 1119 4163 aetorum
1139 4114 1166 4164 S.
1182 4108 1316 4164 Timothei
1332 4118 1391 4163 esse

251 4203 398 4249 auctorem.
438 4230 441 4236 ,

288 4281 324 4345 (7)
335 4278 388 4330 itoc
400 4282 520 4329 asserunt
538 4276 652 4339 litetur,
667 4276 748 4344 Epist.
763 4274 812 4329 ria
831 4275 867 4328 od
883 4270 978 4339 lierda
988 4276 1107 4339 tunitius,
1123 4274 1159 4329 lto
1174 4279 1249 4344 port.
1267 4275 1315 4342 lep.
1334 4274 1389 4329 dta-

256 4361 277 4426 l,
288 4363 330 4414 t.
