3166 4958
293 307 368 348 PARS
381 307 416 347 11.
431 305 524 346 CAPUT
536 305 583 345 111.
600 304 638 344 DE
651 304 774 347 ommate
787 304 821 346 ΕΤ
836 305 994 348 suetonis.
1009 306 1052 349 lv.
1067 306 1195 351 EVANGG.
1243 289 1305 353 259

178 405 302 468 Marco.
318 404 369 468 Sic
381 403 465 466 enim
480 403 591 485 incipit
606 424 613 463 z
631 425 646 459 a
662 400 784 482 Quibus
795 411 903 466 tamen
915 404 1068 487 interfuit,
1083 415 1115 469 et
1131 407 1174 470 ita
1188 408 1302 491 posuit.

182 510 285 572 Tertio
297 506 460 590 Evangelii
476 504 594 569 librum
607 502 747 568 secundo
761 505 920 569 Lucam..
936 505 1047 586 Quarti
1059 509 1306 593 Evangeliorum

176 611 314 675 loannis
329 630 368 673 ex
384 606 572 693 discipulis(
596 606 620 692 ).

226 713 278 776 29.
296 712 331 776 S.
345 713 493 783 ireneus,
507 708 550 774 ab
567 731 652 775 anuo
677 711 738 774 177
754 708 972 795 Lugdunensis
990 712 1156 798 episcopus
1172 723 1202 777 et
1222 736 1306 779 anno

181 816 248 879 202
259 835 378 879 corona
391 813 533 899 martyrii
546 823 687 895 ornatus,
702 835 797 878 omne
812 823 907 899 negat
919 813 1072 900 effugium
1085 817 1122 880 iis
1135 818 1189 903 qui
1201 819 1307 882 Evan-

181 916 266 1002 gelia
280 916 396 980 saeculo
411 911 551 979 seeundo
566 914 709 979 confecta
730 917 853 979 volunt.
870 916 907 978 In
921 937 976 980 sua
993 918 1078 980 enim
1094 916 1308 983 adolescentia

183 1021 218 1083 S.
239 1019 414 1104 Polycarpo
434 1039 509 1081 usus
530 1026 576 1080 est
595 1019 758 1102 magistro,
778 1020 832 1105 qui
857 1043 871 1077 a
891 1040 955 1083 non
973 1021 1077 1083 solum
1093 1020 1135 1084 ab
1150 1021 1309 1106 Apostolis

184 1121 316 1185 edoctus
336 1129 429 1184 estet
446 1130 650 1184 conversatus
674 1142 748 1185 cum
771 1123 878 1185 multis
899 1123 953 1208 qui
974 1123 1146 1187 Dominum
1166 1133 1308 1188 nostrum

183 1222 345 1306 viderunt,
375 1220 430 1286 sed
451 1223 625 1308 praesertim
655 1223 769 1287 Joanni
791 1224 944 1308 Apostolo
972 1225 1138 1290 familiaris
1165 1227 1225 1290 fuit
1247 1228 1307 1311 (E).

184 1328 285 1391 Porro
298 1327 436 1388 Irenaeus
449 1333 581 1388 testatur
594 1345 627 1388 se
641 1327 754 1410 septus
769 1324 927 1390 audivisse
939 1327 1151 1413 Polycarpum
1165 1350 1310 1393 comme-

184 1438 364 1493 morantem
377 1449 414 1491 ea
427 1447 498 1512 quae
508 1448 527 1490 a
539 1427 662 1490 Joanne
675 1429 809 1514 aliisque
821 1428 984 1514 discipulis
996 1429 1037 1494 de
1049 1431 1185 1494 Domino
1198 1430 1310 1494 audie·

185 1541 247 1595 rat.
263 1531 456 1617 Polycarpus
471 1539 590 1611 autem,
608 1530 710 1616 inquit
725 1533 873 1615 lrenaeus,
890 1531 1006 1598 Christi
1020 1534 1164 1598 miracala
1182 1546 1210 1598 et
1227 1536 1305 1598 dicte

184 1632 287 1696 eodem
309 1631 407 1704 modo,
432 1652 490 1715 quo
514 1630 550 1694 ab
577 1631 729 1716 Apostolis
753 1634 920 1706 audirent,
944 1634 1100 1717 rescrebat,
1120 1639 1152 1698 ia
1173 1636 1308 1701 omnibus

184 1757 251 1798 cara
269 1735 428 1819 Scriptura
449 1755 536 1798 serre
562 1738 758 1799 consenticus.
792 1733 890 1799 Addit
910 1736 1047 1800 Ironaeus
1068 1760 1076 1799 z
1108 1762 1122 1795 r
1141 1738 1216 1802 Haec
1234 1759 1306 1823 ego,

184 1836 292 1900 divina
309 1837 387 1900 mihi
406 1837 558 1921 largiente
575 1838 754 1919 clementia,
773 1847 848 1902 tuno
864 1835 1020 1902 studiosus
1037 1838 1220 1921 audiebam,
1244 1861 1308 1902 non

184 1941 217 2003 in
240 1941 364 2022 charta,
384 1937 486 2002 sedin
503 1937 601 2003 corde
619 1961 692 2004 meo
717 1937 824 2003 audita
842 1938 1036 2024 describens,
1057 1939 1234 2028 eademque
1250 1964 1308 2027 per

184 2043 241 2106 Dei
260 2043 396 2127 gratiam
414 2042 527 2126 sapius
540 2051 650 2127 repeto
666 2064 704 2106 ac
720 2043 850 2106 revolvo
865 2042 925 2127 (5).
943 2068 957 2102 r

232 2145 285 2208 50.
301 2145 334 2209 S.
350 2145 467 2209 Doctor
478 2146 512 2207 in
528 2143 616 2208 libris
631 2156 736 2208 contra
748 2143 883 2217 hareses,
898 2155 1065 2231 postquam
1077 2146 1165 2209 varia
1179 2146 1308 2211 Gnosti-

184 2269 296 2312 corum
320 2247 466 2332 exposuit
480 2255 661 2332 systemata,
679 2245 761 2310 libro
777 2247 868 2310 tertio
895 2248 1003 2331 incipit
1027 2269 1063 2310 oa
1083 2248 1249 2312 confutare
1269 2270 1308 2312 ex

184 2352 354 2437 scripturis
370 2360 451 2414 etex
471 2347 650 2414 traditione.
666 2350 705 2412 Et
720 2350 823 2412 statim
848 2348 879 2411 in
905 2350 1013 2412 limine
1030 2347 1124 2413 docet
1141 2350 1308 2436 Apostolos

185 2479 250 2521 non
263 2457 352 2540 prius
371 2455 579 2538 Evangelium
595 2450 782 2539 praedicasse
806 2454 992 2539 scriptisque
1010 2454 1190 2537 mandasse,
1210 2477 1307 2540 quam

184 2556 438 2642 Spiritussancti
452 2554 543 2619 donis
560 2555 701 2618 instructi
714 2565 828 2618 essent.
850 2579 864 2613 a
879 2556 1020 2640 Apostoli
1038 2578 1096 2642 per
1109 2556 1308 2641 pradicatio·

186 2683 260 2726 nem
281 2662 620 2745 installarunt-postea
637 2679 714 2722 vero
734 2680 791 2742 per
813 2660 869 2722 Dei
890 2660 1084 2724 voluntatem
1099 2661 1307 2745 Evangelium

186 2768 219 2830 in
245 2765 416 2849 Scripturis
439 2763 530 2827 nobis
554 2760 776 2845 tradiderunt,
802 2762 984 2826 columnam
1008 2775 1039 2829 ct
1062 2761 1306 2829 fundamentum

186 2866 261 2931 fidei
280 2877 393 2930 uostrae
410 2866 564 2930 luterum.
583 2866 720 2950 »Pergit
734 2866 870 2929 lrenaeus
892 2865 964 2951 (liz
990 2890 1005 2923 r
1027 2867 1074 2930 lta
1093 2867 1257 2931 Mattheus
1275 2870 1306 2931 in

187 2968 329 3033 llebraeis
357 2969 499 3052 ipsorum
529 2968 639 3052 lingua
669 2967 857 3050 scripturam
891 2964 990 3031 edidit
1021 2967 1205 3051 Evangelii,
1234 2989 1307 3030 cum

186 3071 299 3134 Petrus
310 3079 342 3134 et
353 3070 471 3134 Paulus
487 3071 598 3134 Romae
616 3069 869 3153 evangelizarent
885 3077 916 3132 et
931 3066 1102 3132 fundarent
1117 3069 1303 3134 Ecclesiam.

184 3173 259 3237 Post
282 3194 359 3237 vero
381 3173 497 3236 horum
521 3192 708 3252 excessum,
735 3171 860 3234 Marcus
891 3168 1065 3255 discipulus
1094 3181 1125 3234 et
1152 3171 1307 3256 interpres

184 3275 280 3356 Petri,
300 3275 415 3358 etipse
435 3294 540 3359 qnaea
564 3275 656 3337 Petro
677 3273 863 3336 annuntiata
880 3281 982 3353 eraut,
1002 3293 1060 3356 per
1080 3274 1195 3357 scripta
1216 3273 1307 3338 nobis

183 3374 324 3440 tradidit.
347 3378 385 3440 Et
401 3377 501 3440 Lucas
517 3385 625 3440 autem
646 3384 781 3439 sectator
801 3375 891 3437 Pauli
913 3372 998 3460 quod
1017 3374 1060 3439 ab
1075 3375 1129 3439 illo
1148 3375 1307 3460 praedica-

182 3479 278 3542 batur
289 3479 497 3563 Evangclium
510 3479 543 3541 in
561 3477 643 3541 libro
658 3476 809 3541 condidit.
825 3477 938 3541 Postea
955 3487 986 3541 et
1001 3478 1151 3560 loannes,
1166 3476 1306 3563 discipu·

183 3581 233 3644 lus
247 3582 387 3662 Domini,
405 3583 460 3666 qui
477 3591 507 3653 et
520 3601 615 3665 supra
632 3589 742 3666 pectus
758 3580 826 3665 ejus
843 3580 1063 3663 recumbebat,
1078 3591 1110 3645 et
1125 3582 1191 3666 ipso
1208 3581 1306 3646 edidit

182 3685 404 3770 Evangelium‚
426 3685 542 3769 Ephesi
557 3683 639 3748 Asiae
660 3703 905 3747 commorans.»

227 3787 279 3850 51.
295 3784 417 3851 Deinde
434 3785 529 3850 docct
544 3795 653 3850 contra
670 3807 735 3868 eos,
755 3788 809 3871 qui
827 3787 1028 3850 somniabant
1045 3787 1213 3871 Apostolos
1230 3808 1303 3850 cnm

181 3889 339 3973 hypocrisi
356 3889 467 3954 fecisse
484 3887 662 3954 doctrinam
676 3886 852 3952 secundum
867 3887 1063 3953 audientium
1080 3889 1299 3974 capacitatem,

215 4084 381 4149 (tlhatinitas
395 4086 492 4136 mendis
502 4092 589 4136 scatet.

215 4167 250 4230 (2)
264 4166 364 4219 Contra
374 4166 437 4218 hoer.
449 4166 491 4228 tlt,
503 4167 545 4226 tlt,
556 4170 581 4219 l.

214 4250 249 4316 (5)
261 4251 346 4315 Epist.
358 4251 393 4300 ad
402 4251 503 4302 Florio.
514 4264 555 4314 ap.
569 4253 662 4304 Euseb.
676 4251 742 4304 arse
755 4251 822 4304 Eccl.
835 4252 864 4312 V,
879 4249 920 4303 ao.

215 4334 251 4400 (l)
264 4333 364 4386 Contra
380 4332 443 4385 liter.
455 4333 497 4395 lll,
509 4333 529 4398 l,
548 4335 572 4386 l.
