3168 4948
318 340 393 382 PARS
409 339 444 381 11.
461 337 554 379 CAPUT
571 338 600 379 V.
616 336 655 376 DE
666 335 899 386 Quaruuuuucttt
914 337 939 380 S.
961 337 1049 379 rauu
1064 337 1223 381 nutarem.
1276 319 1342 383 545

209 449 266 521 set,
286 449 316 504 et
332 437 408 503 inde
424 439 457 501 in
469 435 690 501 Macedoniam
705 436 839 498 transire
856 436 915 520 (l).
931 437 1050 500 Mutato
1067 447 1174 500 autem
1194 440 1339 520 consilio,

100 587 102 591 -
208 542 251 606 ab
275 541 401 627 Epheso
421 540 508 603 venit
525 559 583 623 per
602 535 760 601 Troadem
782 538 814 599 in
835 528 1161 637 Macedoniam.[Quo
1186 561 1260 603 cum
1278 539 1341 602 ad·
1376 499 1495 629 aiud,
1529 566 1531 571 ·

207 645 355 725 venisset,
382 642 521 706 occurrit
538 640 691 725 Apostolo
712 641 798 703 Titus
818 641 949 703 veniens
966 661 1004 703 ex
1025 641 1187 723 Corintho,
1208 642 1261 726 qui
1282 642 1342 726 ipsi
1455 594 1479 679 s

208 744 354 831 exposuit
372 754 488 808 statum
509 743 775 829 hujus‘ecclesiae.
791 742 892 806 Por'ro
913 764 962 825 ea,
983 740 1156 828 dequibus
1174 744 1344 828 Apostolus

209 849 241 911 in
258 850 364 933 priore
381 846 520 931 Epistola
541 846 720 910 Corinthios
741 855 920 928 monuerat,
941 847 1056 930 partim
1076 856 1166 909 erant
1184 858 1341 929 correcta,

210 952 327 1034 partim
343 958 523 1013 nouerant.
541 950 699 1012 Praeterea
716 946 794 1011 dum
815 947 985 1032 Apostolus
1002 970 1094 1012 suum
1110 948 1151 1012 ad
1165 949 1345 1013 Corinthios
1395 1014 1401 1031 ¹

210 1053 383 1118 adventum
402 1050 600 1129 retardabat,
623 1050 755 1136 quidam
776 1049 1046 1136 pseudoapostoli,
1067 1051 1183 1137 quihus
1202 1051 1343 1116 studium
1393 1052 1397 1063 ⁴

211 1166 280 1220 crat
294 1157 373 1219 ritus
397 1155 550 1218 Mosaicos
567 1152 739 1238 Evangelio
757 1152 935 1217 admiscere
953 1163 984 1217 et
1002 1164 1158 1239 quaestum
1178 1176 1217 1217 ex
1234 1156 1343 1221 Evanss

211 1261 294 1343 gelio
317 1259 450 1340 facere,
484 1278 552 1320 sese
577 1255 663 1340 apud
687 1256 865 1321 Corinthios
895 1257 1134 1320 insinuaverant
1147 1258 1344 1343 ,Paulique

211 1382 354 1446 persona
372 1369 402 1423 et
425 1357 578 1424 doctrina
598 1357 821 1422 detrahebant.
845 1358 979 1443 Insuper
1002 1357 1153 1422 monendi
1172 1368 1262 1422 erant
1278 1359 1343 1424 Co-

161 1456 163 1463 *
210 1464 318 1527 rinthii
331 1462 371 1526 de
385 1464 518 1527 collecta
533 1463 638 1524 statim
651 1459 799 1525 facienda
815 1461 847 1525 in
859 1462 995 1546 gratiam
1007 1483 1187 1546 pauperum
1198 1460 1343 1525 tudaeam

210 1540 456 1661 incolentium]

254 1668 368 1745 ultis
392 1690 411 1730 a
434 1666 504 1729 Tito
528 1665 658 1754 auditis,
686 1685 786 1749 quum
812 1667 917 1728 statim
939 1664 981 1728 ad
1005 1687 1058 1729 cos
1081 1688 1254 1752 properare
1280 1689 1343 1730 non

211 1779 316 1856 posset
340 1770 534 1854 Apostolus,
561 1765 735 1832 secundam
757 1769 841 1831 hane
870 1770 993 1852 scripsit
1016 1770 1190 1854 Epistulam
1216 1772 1345 1834 nomine

212 1894 268 1935 suo
285 1881 316 1935 et
337 1872 493 1935 Timothei
511 1870 552 1934 ad
574 1870 752 1934 Corinthios
770 1879 801 1931 et
821 1867 862 1932 ad
882 1872 1046 1934 universos
1068 1871 1197 1935 Achaiae
1219 1870 1341 1935 fideles.

212 1975 294 2036 Misit
317 1982 424 2036 autem
449 1993 521 2036 eam
544 1993 603 2056 per
624 1973 728 2035 Titum
754 1979 784 2034 et
807 1973 886 2035 alios
909 1972 1022 2057 (Vlll,
1057 1974 1188 2060 16-24).
1219 1975 1344 2058 Scripta

213 2077 409 2140 existimatur
426 2075 495 2139 haec
511 2075 652 2158 Epistola
672 2073 786 2138 eodem
811 2096 895 2138 anno
917 2096 981 2159 qno
1002 2075 1202 2159 praecedens,
1225 2078 1345 2141 scilicet

212 2199 297 2240 anno
317 2177 378 2259 56,
398 2177 450 2240 vel
473 2176 513 2238 57
538 2184 569 2239 et
591 2174 722 2261 quidem
743 2177 774 2238 in
793 2176 874 2239 urbe
896 2177 1129 2263 Philipporum,
1150 2189 1185 2241 ut
1208 2177 1345 2242 traditur

211 2282 243 2343 in
259 2278 545 2364 subscriptionibus
561 2276 708 2342 codicum
725 2299 914 2363 gracorum.
933 2279 1057 2344 Iudicat
1071 2282 1156 2344 enim
1173 2282 1346 2366 Apostolus

166 2374 176 2386 ’
213 2403 258 2463 sc,
276 2398 349 2445 'curn
363 2380 528 2464 scriberet,
547 2382 579 2443 in
592 2379 780 2444 Macedonia
799 2381 894 2445 luisse
911 2382 966 2467 (ΙΙ,
987 2382 1038 2445 12·
1052 2383 1113 2466 155
1128 2383 1186 2466 lx,
1201 2384 1287 2465 a-lj.

259 2489 289 2549 8.
316 2468 686 2583 Ανφῖιφῃειιετιοιπ.[ᾌρθνὶι
708 2485 878 2569 Apostolus
899 2488 1098 2571 propositum
1122 2484 1210 2572 ‹puod
1233 2487 1348 2550 hahuit
1400 2408 1517 2575 celsis

214 2588 323 2651 venire
339 2584 381 2649 ad
399 2586 578 2649 Corinthios
595 2606 708 2670 graves
756 2608 773 2649 e
792 2608 903 2650 causas
922 2610 992 2674 quae
1016 2589 1120 2673 ipsum
1144 2610 1161 2651 a
1184 2590 1347 2673 proposito

215 2688 410 2774 perficiendo
435 2688 672 2773 impediverunt
692 2689 741 2772 (1-
759 2690 798 2774 l).
818 2691 932 2755 Munus
955 2713 1048 2754 suum
1073 2692 1283 2778 apostolicum
1308 2714 1346 2756 ex

215 2792 455 2874 comparatione
470 2791 549 2876 legis
562 2793 761 2877 Evangelicae
775 2814 847 2856 cum
860 2794 930 2879 lege
947 2796 1082 2858 Mosaica
1097 2794 1302 2859 commendat
1315 2804 1347 2857 et

138 2914 141 2918 ·
215 2895 347 2977 extollit,
369 2893 473 2958 obiter
489 2905 599 2959 taxans
616 2895 957 2981 pseudoapostolorum
977 2898 1170 2984 hypocrisin,
1190 2919 1346 2983 suamque

215 2997 247 3057 in
271 2993 475 3080 praedicando
499 2999 672 3083 Evangelio
697 2998 909 3061 nuceritatem
933 2996 1234 3101 asserenfflll-V).
1257 2997 1346 3059 Hor·
1382 3065 1385 3070 ,

214 3106 299 3160 tatur
332 3098 510 3163 Corinthios
547 3098 589 3163 ad
624 3098 784 3184 agendam
817 3100 916 3164 vitam
949 3101 1156 3164 christianam
1184 3109 1281 3184 atque
1304 3097 1347 3161 ad

215 3198 380 3264 vitandum
406 3203 601 3293 consortium
625 3204 791 3287 gentium3
817 3203 1041 3266 simulantem
1067 3225 1120 3266 eos
1145 3203 1346 3282 consolatur,

216 3323 252 3364 ae
273 3301 376 3386 signifi
417 3311 429 3364 t
448 3315 619 3390 quantum⁴
634 3306 694 3391 ipsi
713 3303 868 3390 gaudium
889 3307 1029 3370 attulerit
1052 3327 1164 3370 corum
1187 3305 1347 3389 puniten-

216 3406 258 3467 tia
275 3404 381 3489 (Vl-v
414 3388 580 3567 ).l}Excitat
599 3429 652 3471 eos
677 3406 718 3470 ad
744 3408 811 3470 elea
848 3430 959 3493 osynas
984 3405 1185 3493 elargiendas
1207 3408 1239 3470 in
1262 3427 1348 3491 pau·

216 3523 308 3585 peres
338 3428 981 3598 Jeroso>smitan0st(V111-1xlidtursus
1010 3527 1101 3570 suam
1115 3505 1347 3570 ‘auctoritatem

217 3604 442 3689 commendat,
467 3606 617 3690 labores,
643 3628 723 3692 quos
746 3606 778 3670 iu
803 3609 982 3691 apostolatu
1005 3606 1154 3672 obeundo
1178 3594 1347 3688 sustinuit),
1362 3616 1440 3699 ᾖ(
1466 3662 1485 3687 χ,
1500 3606 1516 3701 ζ

1 3701 3 3754 l
213 3707 421 3799 Q,
437 3698 565 3807 Quibus
593 3709 729 3773 donatus
753 3718 810 3791 est,
836 3720 990 3794 recenset,
1016 3722 1046 3774 et
1069 3709 1219 3795 gravibus
1242 3706 1349 3771 verbis
1406 3702 1412 3715 “

1 3757 3 3882 l
216 3811 376 3898 Q?
388 3810 719 3899 inpseudoapmstolos
731 3811 1060 3905 (ll-XlllkPostrcnro
1074 3813 1212 3896 denique
1225 3817 1347 3893 monet,

216 3921 251 3975 ut
265 3912 352 3995 vitia,
371 3913 488 3999 quibus
503 3912 611 3979 adhue
625 3922 698 3979 sunt
715 3914 883 4000 inquinati,
902 3916 1062 4002 corrigant
1078 3912 1228 4007 (mults)

1531 3684 1554 3703 r&

235 4120 288 4213 ll)
302 4127 329 4179 ll
340 4126 405 4181 Cor.
418 4127 438 4191 t,
454 4129 493 4194 163
507 4129 520 4179 l
534 4130 596 4182 cor.
609 4127 672 4191 XVI,
687 4128 714 4192 5,
727 4129 753 4180 8.
