3132 4964
63 2412 320 2749 *lla

251 283 316 347 lit
469 305 668 347 mraonucrro
690 305 839 350 serenus
861 307 894 349 ru
916 306 942 350 s.
968 305 1167 351 sommum.

253 403 354 469 nium.
372 403 398 466 ll
413 413 525 467 contra
542 424 672 488 prorsus
693 405 795 469 futilia
818 414 902 472 sunt.
920 403 997 487 Quis
1015 405 1102 470 enirn
1119 405 1248 491 negabit
1263 406 1390 490 virum,

255 507 358 592 qualis
373 517 442 570 erat
453 506 595 591 Salomo,
614 506 774 573 diluendis
793 510 992 595 privatorum
1008 508 1116 572 litibus
1132 530 1215 595 saepe
1240 530 1394 595 occupa-

254 618 323 673 tum
339 617 371 672 et
397 631 508 674 omnes
532 631 606 674 snos
630 610 774 675 redditus
798 611 841 675 ab
867 613 952 696 agris
978 613 1171 697 trahentem,
1191 610 1394 677 sufficienter

255 710 353 775 vitam
372 713 523 777 rusticam
543 721 574 777 et
590 713 749 798 privatam
770 715 955 799 cognovisse
975 722 1010 778 nt
1027 711 1068 777 de
1086 713 1148 779 hac
1162 735 1198 777 re
1213 713 1393 799 proverbia

256 815 491 899 componeret?
1095 843 1100 849 ·

300 917 331 982 5.
357 919 477 992 Tantus,
501 921 649 984 versiones
669 931 758 1005 utque
775 920 932 984 diuinitus.
954 920 1130 985 Proverbia
1150 921 1283 985 metrice
1302 942 1393 985 con-

256 1020 372 1104 scripta
391 1021 520 1084 fuerunt
533 1021 566 1084 in
586 1021 695 1106 lingua
710 1020 875 1107 hebraica,
892 1019 979 1089 unde
997 1021 1030 1086 in
1044 1042 1184 1108 maecum
1201 1043 1392 1086 sermonem

255 1123 407 1186 translata
426 1123 567 1188 luerunt.
591 1123 701 1190 Graeca
720 1133 830 1189 autern
850 1125 953 1189 versio
970 1127 1108 1189 multum
1129 1122 1236 1188 differt
1258 1147 1276 1189 a
1297 1133 1393 1188 textu

256 1226 458 1311 primigenio.
481 1226 619 1312 Vulgata
636 1236 745 1291 autem
761 1224 864 1292 versio
880 1249 900 1291 a
915 1229 947 1294 S.
966 1221 1162 1313 Hieronymo
1179 1226 1222 1291 ad
1236 1248 1391 1292 normam

257 1335 359 1390 textus
373 1327 518 1393 hebraici
530 1328 693 1393 elaborata
711 1329 781 1393 fuit.
798 1314 946 1394 Divinam
962 1347 1058 1415 porro
1076 1329 1297 1409 auctoritatem
1310 1329 1392 1392 huic

257 1428 340 1493 libro
358 1439 538 1495 constanter
556 1431 736 1496 tribuerunt
760 1432 926 1518 Synagoga
945 1442 976 1496 et
999 1433 1152 1516 Ecclesia,
1170 1430 1255 1497 unde
1270 1433 1391 1497 merito

257 1529 428 1603 damnatus
445 1534 505 1597 luit
524 1535 556 1598 in
578 1536 713 1601 concilio
734 1537 876 1621 generali
896 1537 924 1602 V
945 1533 1130 1600 Theodorus
1146 1536 1390 1620 Mopsuestenus

256 1633 419 1700 affirmans
436 1637 555 1703 librum
571 1639 820 1707 Prov'erbiorum
835 1661 962 1706 merum
978 1663 1046 1706 esse
1059 1641 1221 1726 sapientie
1236 1642 1390 1705 humanae

258 1757 349 1820 opus.

669 2171 835 2252 CAPUT
860 2173 963 2251 XIV.

592 2425 631 2466 ss
653 2425 742 2467 nno
768 2405 966 2511 recantatas
989 2402 1048 2490 (1).

304 2619 336 2685 l.
358 2618 486 2686 Titulus.
504 2619 679 2687 Proverbia
692 2624 836 2708 proxime
851 2624 994 2708 sequitur
1008 2614 1090 2687 liber
1104 2622 1256 2689 hebraice
1271 2624 1388 2691 inscri-

261 2732 334 2810 ptus
352 2713 443 2833 ahur),
462 2744 563 2808 graece
579 2721 812 2806 Εκκλησιαστής,
830 2747 901 2811 qnae
918 2735 965 2790 cst
982 2735 1067 2790 recta
1088 2727 1225 2790 nominis
1242 2727 1388 2794 hebraici

262 2844 437 2927 translatio,
447 2843 543 2907 latine
556 2842 758 2918 Ecclesiastes,
768 2842 801 2907 id
814 2852 872 2928 cst,
878 2845 1100 2925 matur·
1112 2843 1190 2910 Ideo
1203 2855 1311 2910 antem
1323 2847 1387 2910 hoc

262 2947 392 3011 nomine
405 2946 600 3032 designatur,
616 2948 691 3035 quia
703 2946 844 3030 Salomo,
863 2955 1016 3031 tanquam
1031 2946 1198 3031 Sapientiae
1213 2951 1388 3014 conciona-

259 3059 330 3150 Ἦ,
360 3052 527 3115 ecclesiam
554 3072 610 3114 seu
637 3051 917 3136 congregationem
949 3049 1123 3135 alloquitur
1146 3059 1177 3114 ct
1204 3027 1388 3125 scrineis&

260 3174 355 3215 sunm
372 3174 437 3216 non
453 3151 495 3217 ad
512 3175 625 3237 unum,
641 3151 697 3217 sed
715 3152 756 3217 ad
773 3174 883 3219 omnes
899 3153 1089 3236 generaliter
1104 3149 1211 3238 dirigit
1227 3153 1261 3239 (2
1279 3202 1287 3216 .

306 3256 336 3318 Ξ.
353 3257 586 3340 Argumentum.
605 3256 687 3338 Quia
705 3257 813 3341 lingua
824 3254 976 3319 hebraica
990 3255 1156 3339 pauciores
1168 3255 1252 3320 habe
1282 3258 1387 3341 parti-

260 3358 349 3421 culas
361 3366 392 3419 et
408 3358 567 3421 sententiae
579 3357 652 3422 libri
668 3357 862 3424 Ecclesiastis
878 3357 1010 3421 concisae
1026 3365 1110 3440 sunt,
1125 3356 1244 3422 idcirco
1257 3357 1387 3424 difficile
1483 3418 1490 3437 x

262 3469 309 3523 cst
331 3460 493 3544 interpreti
514 3462 639 3546 assequi
668 3482 784 3525 nexum
806 3461 1032 3523 sententiarum
1052 3469 1084 3523 et
1111 3461 1206 3524 totins
1228 3462 1386 3526 ratiocinii

262 3563 433 3648 tramitem.
448 3563 531 3628 Hinc
544 3563 664 3628 lactum
678 3573 769 3628 estut
782 3562 1007 3644 Rationalistae,
1023 3583 1089 3626 non
1101 3564 1175 3626 satis
1187 3562 1386 3628 attendentes

294 3765 329 3829 (t)
341 3763 393 3814 Clr.
408 3764 539 3815 Cornelius
552 3725 682 3827 ebacide,
696 3765 868 3815 coarmantur.
883 3761 911 3812 tn
926 3761 994 3812 sect.
1007 3774 1065 3810 cum
1075 3763 1182 3826 presset.
1197 3762 1229 3815 l).
1242 3762 1385 3829 Crampon.

262 3846 308 3897 Ed.
321 3846 404 3907 Virta,
417 3846 520 3897 Parisiis
533 3845 611 3907 1863;
627 3846 694 3896 utute
703 3848 733 3896 cte
758 3844 837 3897 Verres
845 3851 864 3895 t.
877 3841 938 3894 Vlll.
953 3841 1207 3893 banneriorum
1222 3862 1229 3905 ς
1242 3846 1272 3895 Α.
1286 3844 1385 3909 blateis,
1546 3872 1547 3885 κ

145 3922 148 3926 “
259 3928 384 3979 Salomon
391 3934 415 3979 et
425 3928 604 3991 t'Ecclestustu
619 3928 693 3979 hrot.
704 3928 784 3989 Paris,
797 3926 868 3977 1876.

294 4008 330 4072 (ἲ)
349 4009 385 4059 lta
404 3996 430 4061 Sss
448 4010 653 4074 hieronymusin
671 4011 739 4061 Ecct.
753 4009 773 4070 l,
791 4011 802 4059 l
821 4023 827 4058 :
849 4024 859 4054 r
877 4008 1024 4078 Salomon...
1040 4006 1136 4057 dicitur
1150 4005 1276 4069 coneum,
1296 4008 1387 4073 idest,

262 4090 437 4141 Ecclesiastm.
449 4092 612 4143 Ecclesiastes
625 4098 710 4143 antem
720 4104 802 4156 graeco
813 4102 929 4140 sermone
939 4088 1088 4152 appellatur,
1102 4090 1170 4153 quod
1180 4095 1286 4152 certum,
1298 4091 1386 4153 idest,

263 4173 393 4223 ecelesiam
409 4183 554 4239 congreget,
570 4181 711 4239 quem-nos
727 4187 872 4236 nuncupare
890 4186 1023 4236 possumus
1039 4172 1254 4233 concionatorem,
1271 4187 1303 4224 eo
1315 4176 1386 4238 quud

264 4257 383 4320 loquatur
395 4258 427 4308 ad
440 4259 572 4322 poputum,
583 4267 609 4310 et
624 4272 707 4311 sermo
720 4259 776 4322 eJ‘us
787 4271 837 4307 non
852 4255 993 4320 specialiter
1006 4256 1037 4307 ad
1048 4268 1137 4318 uuum,
1150 4255 1194 4307 sed
1207 4255 1238 4307 ad
1252 4256 1386 4309 universos

265 4339 417 4401 generaliter
425 4340 558 4405 dirigatur.
574 4358 586 4389 s
