<?xml version="1.0" encoding="UTF-8"?>
<!DOCTYPE html PUBLIC "-//W3C//DTD XHTML 1.0 Transitional//EN"
    "http://www.w3.org/TR/xhtml1/DTD/xhtml1-transitional.dtd">
<html xmlns="http://www.w3.org/1999/xhtml" xml:lang="en" lang="en">
 <head>
  <title>
</title>
<meta http-equiv="Content-Type" content="text/html;charset=utf-8" />
  <meta name='ocr-system' content='tesseract 3.04.00' />
  <meta name='ocr-capabilities' content='ocr_page ocr_carea ocr_par ocr_line ocrx_word'/>
</head>
<body>
  <div class='ocr_page' id='page_1' title='image "./introductioinsa00lamygoog/introductioinsa00lamygoog_0094.png"; bbox 0 0 3132 4964; ppageno 0'>
   <div class='ocr_carea' id='block_1_1' title="bbox 442 306 1297 370">
    <p class='ocr_par' dir='ltr' id='par_1_1' title="bbox 442 306 1297 370">
     <span class='ocr_line' id='line_1_1' title="bbox 442 306 1297 370; baseline 0.007 -6"><span class='ocrx_word' id='word_1_1' title='bbox 442 314 518 366; x_wconf 76' lang='lat' dir='ltr'><strong>naas</strong></span> <span class='ocrx_word' id='word_1_2' title='bbox 530 324 553 367; x_wconf 89' lang='lat'><strong>1.</strong></span> <span class='ocrx_word' id='word_1_3' title='bbox 572 322 665 364; x_wconf 78' lang='lat' dir='ltr'><strong>carun</strong></span> <span class='ocrx_word' id='word_1_4' title='bbox 682 322 736 365; x_wconf 90' lang='lat' dir='ltr'><strong>vn.</strong></span> <span class='ocrx_word' id='word_1_5' title='bbox 753 321 791 363; x_wconf 85' lang='lat' dir='ltr'><strong>mr</strong></span> <span class='ocrx_word' id='word_1_6' title='bbox 805 322 895 364; x_wconf 82' lang='lat' dir='ltr'><strong>trano</strong></span> <span class='ocrx_word' id='word_1_7' title='bbox 911 323 1019 366; x_wconf 70' lang='lat' dir='ltr'><strong>roura.</strong></span> <span class='ocrx_word' id='word_1_8' title='bbox 1255 306 1297 370; x_wconf 83' lang='lat'><strong>85</strong></span> 
     </span>
    </p>
   </div>
   <div class='ocr_carea' id='block_1_2' title="bbox 129 419 1296 921">
    <p class='ocr_par' dir='ltr' id='par_1_2' title="bbox 158 419 1296 715">
     <span class='ocr_line' id='line_1_2' title="bbox 158 419 1295 511; baseline 0.002 -25"><span class='ocrx_word' id='word_1_9' title='bbox 158 419 341 486; x_wconf 80' lang='lat' dir='ltr'><strong>edocemur</strong></span> <span class='ocrx_word' id='word_1_10' title='bbox 354 419 517 506; x_wconf 90' lang='lat' dir='ltr'><strong>justorum</strong></span> <span class='ocrx_word' id='word_1_11' title='bbox 533 419 719 485; x_wconf 89' lang='lat' dir='ltr'><strong>afflictiones</strong></span> <span class='ocrx_word' id='word_1_12' title='bbox 743 422 899 505; x_wconf 79' lang='lat' dir='ltr'><strong>patienter</strong></span> <span class='ocrx_word' id='word_1_13' title='bbox 915 422 1064 511; x_wconf 76' lang='lat' dir='ltr'><strong>toleratas</strong></span> <span class='ocrx_word' id='word_1_14' title='bbox 1081 423 1295 488; x_wconf 87' lang='lat' dir='ltr'><strong>eorumbene</strong></span> 
     </span>
     <span class='ocr_line' id='line_1_3' title="bbox 159 523 1296 610; baseline 0 -21"><span class='ocrx_word' id='word_1_15' title='bbox 159 526 263 589; x_wconf 89' lang='lat' dir='ltr'><strong>etiam</strong></span> <span class='ocrx_word' id='word_1_16' title='bbox 279 524 449 608; x_wconf 89' lang='lat' dir='ltr'><strong>temporali</strong></span> <span class='ocrx_word' id='word_1_17' title='bbox 463 524 523 588; x_wconf 92' lang='lat' dir='ltr'><strong>sub</strong></span> <span class='ocrx_word' id='word_1_18' title='bbox 542 525 641 593; x_wconf 87' lang='lat' dir='ltr'><strong>veteri</strong></span> <span class='ocrx_word' id='word_1_19' title='bbox 658 524 741 608; x_wconf 81' lang='lat' dir='ltr'><strong>Lege</strong></span> <span class='ocrx_word' id='word_1_20' title='bbox 760 524 960 606; x_wconf 81' lang='lat' dir='ltr'><strong>inserviisse3</strong></span> <span class='ocrx_word' id='word_1_21' title='bbox 983 523 1157 589; x_wconf 82' lang='lat' dir='ltr'><strong>edocemur</strong></span> <span class='ocrx_word' id='word_1_22' title='bbox 1176 526 1296 610; x_wconf 87' lang='lat' dir='ltr'><strong>pariter</strong></span> 
     </span>
     <span class='ocr_line' id='line_1_4' title="bbox 161 622 1015 715; baseline -0.002 -22"><span class='ocrx_word' id='word_1_23' title='bbox 161 639 245 715; x_wconf 87' lang='lat' dir='ltr'><strong>quot</strong></span> <span class='ocrx_word' id='word_1_24' title='bbox 260 622 417 692; x_wconf 85' lang='lat' dir='ltr'><strong>beneficia</strong></span> <span class='ocrx_word' id='word_1_25' title='bbox 433 626 510 691; x_wconf 92' lang='lat' dir='ltr'><strong>boni</strong></span> <span class='ocrx_word' id='word_1_26' title='bbox 528 627 633 712; x_wconf 84' lang='lat' dir='ltr'><strong>augeli</strong></span> <span class='ocrx_word' id='word_1_27' title='bbox 651 626 835 691; x_wconf 91' lang='lat' dir='ltr'><strong>hominibus</strong></span> <span class='ocrx_word' id='word_1_28' title='bbox 855 637 1015 711; x_wconf 86' lang='lat' dir='ltr'><strong>praestent.</strong></span> 
     </span>
    </p>

    <p class='ocr_par' dir='ltr' id='par_1_3' title="bbox 129 727 1296 921">
     <span class='ocr_line' id='line_1_5' title="bbox 129 727 1294 814; baseline 0 -20"><span class='ocrx_word' id='word_1_29' title='bbox 129 778 157 811; x_wconf 22' lang='lat' dir='ltr'><strong>a,</strong></span> <span class='ocrx_word' id='word_1_30' title='bbox 210 733 243 797; x_wconf 74' lang='lat'><strong>2.</strong></span> <span class='ocrx_word' id='word_1_31' title='bbox 264 731 380 794; x_wconf 81' lang='lat' dir='ltr'><strong>Auctor</strong></span> <span class='ocrx_word' id='word_1_32' title='bbox 400 740 427 792; x_wconf 84' lang='lat' dir='ltr'><strong>et</strong></span> <span class='ocrx_word' id='word_1_33' title='bbox 446 740 519 792; x_wconf 79' lang='lat' dir='ltr'><strong>atas</strong></span> <span class='ocrx_word' id='word_1_34' title='bbox 536 727 661 793; x_wconf 88' lang='lat' dir='ltr'><strong>definiri</strong></span> <span class='ocrx_word' id='word_1_35' title='bbox 682 737 856 814; x_wconf 90' lang='lat' dir='ltr'><strong>nequeunt.</strong></span> <span class='ocrx_word' id='word_1_36' title='bbox 874 729 1023 792; x_wconf 88' lang='lat' dir='ltr'><strong>Janssens</strong></span> <span class='ocrx_word' id='word_1_37' title='bbox 1042 738 1073 792; x_wconf 90' lang='lat' dir='ltr'><strong>et</strong></span> <span class='ocrx_word' id='word_1_38' title='bbox 1088 730 1294 794; x_wconf 81' lang='lat' dir='ltr'><strong>Aelrermann</strong></span> 
     </span>
     <span class='ocr_line' id='line_1_6' title="bbox 163 833 1296 921; baseline -0.001 -23"><span class='ocrx_word' id='word_1_39' title='bbox 163 834 287 899; x_wconf 90' lang='lat' dir='ltr'><strong>librum</strong></span> <span class='ocrx_word' id='word_1_40' title='bbox 321 833 537 916; x_wconf 90' lang='lat' dir='ltr'><strong>conscriptum</strong></span> <span class='ocrx_word' id='word_1_41' title='bbox 568 833 739 921; x_wconf 87' lang='lat' dir='ltr'><strong>opinantur</strong></span> <span class='ocrx_word' id='word_1_42' title='bbox 768 834 883 897; x_wconf 79' lang='lat' dir='ltr'><strong>seculo</strong></span> <span class='ocrx_word' id='word_1_43' title='bbox 908 834 938 895; x_wconf 94' lang='lat' dir='ltr'><strong>lI</strong></span> <span class='ocrx_word' id='word_1_44' title='bbox 962 842 1035 896; x_wconf 90' lang='lat' dir='ltr'><strong>ante</strong></span> <span class='ocrx_word' id='word_1_45' title='bbox 1058 833 1159 916; x_wconf 80' lang='lat' dir='ltr'><strong>ahr.;</strong></span> <span class='ocrx_word' id='word_1_46' title='bbox 1184 835 1296 899; x_wconf 80' lang='lat' dir='ltr'><strong>Schola</strong></span> 
     </span>
    </p>
   </div>
   <div class='ocr_carea' id='block_1_3' title="bbox 133 898 1501 1117">
    <p class='ocr_par' dir='ltr' id='par_1_4' title="bbox 133 898 1501 1117">
     <span class='ocr_line' id='line_1_7' title="bbox 133 898 1501 1117; baseline 0.001 -117"><span class='ocrx_word' id='word_1_47' title='bbox 133 925 313 1024; x_wconf 33' lang='lat' dir='ltr'><strong>,tempore</strong></span> <span class='ocrx_word' id='word_1_48' title='bbox 336 935 461 1019; x_wconf 87' lang='lat' dir='ltr'><strong>imperii</strong></span> <span class='ocrx_word' id='word_1_49' title='bbox 485 932 706 1018; x_wconf 72' lang='lat' dir='ltr'><strong>Macedonici,</strong></span> <span class='ocrx_word' id='word_1_50' title='bbox 730 935 844 1016; x_wconf 89' lang='lat' dir='ltr'><strong>Estius,</strong></span> <span class='ocrx_word' id='word_1_51' title='bbox 875 936 920 999; x_wconf 90' lang='lat' dir='ltr'>W</span> <span class='ocrx_word' id='word_1_52' title='bbox 940 936 982 999; x_wconf 90' lang='lat' dir='ltr'><strong>lte</strong></span> <span class='ocrx_word' id='word_1_53' title='bbox 1011 944 1042 999; x_wconf 91' lang='lat' dir='ltr'><strong>et</strong></span> <span class='ocrx_word' id='word_1_54' title='bbox 1069 937 1201 1021; x_wconf 86' lang='lat' dir='ltr'><strong>Danko,</strong></span> <span class='ocrx_word' id='word_1_55' title='bbox 1226 948 1297 1023; x_wconf 92' lang='lat' dir='ltr'><strong>post</strong></span> <span class='ocrx_word' id='word_1_56' title='bbox 1355 898 1437 1117; x_wconf 47' lang='lat' dir='ltr'>ff</span> <span class='ocrx_word' id='word_1_57' title='bbox 1481 946 1501 973; x_wconf 76' lang='lat'><strong>‘¹</strong></span> 
     </span>
    </p>
   </div>
   <div class='ocr_carea' id='block_1_4' title="bbox 7 894 1545 4103">
    <p class='ocr_par' dir='ltr' id='par_1_5' title="bbox 7 894 1545 2350">
     <span class='ocr_line' id='line_1_8' title="bbox 1442 894 1545 979; baseline 0.029 -3"><span class='ocrx_word' id='word_1_58' title='bbox 1442 894 1545 979; x_wconf 66' lang='grc' dir='ltr'><strong>Η,</strong></span> 
     </span>
     <span class='ocr_line' id='line_1_9' title="bbox 165 1008 1539 1133; baseline 0.001 -31"><span class='ocrx_word' id='word_1_59' title='bbox 165 1037 308 1102; x_wconf 90' lang='lat' dir='ltr'><strong>reditum</strong></span> <span class='ocrx_word' id='word_1_60' title='bbox 330 1059 350 1100; x_wconf 92' lang='lat' dir='ltr'><strong>a</strong></span> <span class='ocrx_word' id='word_1_61' title='bbox 374 1037 555 1122; x_wconf 66' lang='lat' dir='ltr'><strong>captivitate</strong></span> <span class='ocrx_word' id='word_1_62' title='bbox 578 1036 798 1123; x_wconf 78' lang='lat' dir='ltr'><strong>Babylonica5</strong></span> <span class='ocrx_word' id='word_1_63' title='bbox 820 1039 873 1102; x_wconf 91' lang='lat' dir='ltr'><strong>alii</strong></span> <span class='ocrx_word' id='word_1_64' title='bbox 913 1039 1306 1133; x_wconf 52' lang='lat' dir='ltr'><strong>lurimipunsliuctioxt</strong></span> <span class='ocrx_word' id='word_1_65' title='bbox 1406 1008 1492 1129; x_wconf 56' lang='lat' dir='ltr'><strong>s,</strong></span> <span class='ocrx_word' id='word_1_66' title='bbox 1514 1107 1539 1119; x_wconf 28' lang='grc' dir='ltr'>ῃ</span> 
     </span>
     <span class='ocr_line' id='line_1_10' title="bbox 77 1054 1491 1233; baseline 0.002 -27"><span class='ocrx_word' id='word_1_67' title='bbox 77 1134 116 1149; x_wconf 72' lang='grc'><strong>”</strong></span> <span class='ocrx_word' id='word_1_68' title='bbox 166 1141 406 1222; x_wconf 66' lang='lat' dir='ltr'><strong>Glsirelibrum</strong></span> <span class='ocrx_word' id='word_1_69' title='bbox 420 1141 452 1204; x_wconf 92' lang='lat' dir='ltr'><strong>in</strong></span> <span class='ocrx_word' id='word_1_70' title='bbox 464 1140 646 1225; x_wconf 89' lang='lat' dir='ltr'><strong>captivitate</strong></span> <span class='ocrx_word' id='word_1_71' title='bbox 656 1141 827 1233; x_wconf 55' lang='lat' dir='ltr'><strong>dmppiaca</strong></span> <span class='ocrx_word' id='word_1_72' title='bbox 838 1141 881 1206; x_wconf 89' lang='lat' dir='ltr'><strong>ab</strong></span> <span class='ocrx_word' id='word_1_73' title='bbox 891 1150 1028 1228; x_wconf 90' lang='lat' dir='ltr'><strong>utroque</strong></span> <span class='ocrx_word' id='word_1_74' title='bbox 1040 1142 1140 1207; x_wconf 88' lang='lat' dir='ltr'><strong>Tobia</strong></span> <span class='ocrx_word' id='word_1_75' title='bbox 1154 1145 1299 1207; x_wconf 86' lang='lat' dir='ltr'><strong>conseri·</strong></span> <span class='ocrx_word' id='word_1_76' title='bbox 1364 1160 1408 1225; x_wconf 53' lang='lat' dir='ltr'><strong>„t</strong></span> <span class='ocrx_word' id='word_1_77' title='bbox 1427 1054 1481 1209; x_wconf 61' lang='lat' dir='ltr'><strong>l]</strong></span> <span class='ocrx_word' id='word_1_78' title='bbox 1489 1176 1491 1181; x_wconf 96' lang='lat'>·</span> 
     </span>
     <span class='ocr_line' id='line_1_11' title="bbox 112 1224 1484 1345; baseline -0.001 -39"><span class='ocrx_word' id='word_1_79' title='bbox 112 1326 116 1331; x_wconf 10' lang='grc' dir='ltr'><strong><em>ᾖ</em></strong></span> <span class='ocrx_word' id='word_1_80' title='bbox 166 1252 260 1327; x_wconf 88' lang='lat' dir='ltr'><strong>ptum</strong></span> <span class='ocrx_word' id='word_1_81' title='bbox 280 1242 376 1305; x_wconf 87' lang='lat' dir='ltr'><strong>fuisse</strong></span> <span class='ocrx_word' id='word_1_82' title='bbox 392 1239 589 1324; x_wconf 76' lang='lat' dir='ltr'><strong>detendunt5</strong></span> <span class='ocrx_word' id='word_1_83' title='bbox 607 1251 638 1305; x_wconf 90' lang='lat' dir='ltr'><strong>et</strong></span> <span class='ocrx_word' id='word_1_84' title='bbox 655 1263 770 1309; x_wconf 86' lang='lat' dir='ltr'><strong>revera</strong></span> <span class='ocrx_word' id='word_1_85' title='bbox 785 1241 835 1305; x_wconf 87' lang='lat' dir='ltr'><strong>tis</strong></span> <span class='ocrx_word' id='word_1_86' title='bbox 847 1243 922 1306; x_wconf 88' lang='lat' dir='ltr'><strong>viris</strong></span> <span class='ocrx_word' id='word_1_87' title='bbox 936 1263 1034 1334; x_wconf 81' lang='lat' dir='ltr'><strong>nemo·</strong></span> <span class='ocrx_word' id='word_1_88' title='bbox 1045 1264 1113 1306; x_wconf 90' lang='lat' dir='ltr'><strong>esse</strong></span> <span class='ocrx_word' id='word_1_89' title='bbox 1128 1245 1229 1328; x_wconf 91' lang='lat' dir='ltr'><strong>potuit</strong></span> <span class='ocrx_word' id='word_1_90' title='bbox 1249 1243 1300 1309; x_wconf 92' lang='lat' dir='ltr'><strong>vel</strong></span> <span class='ocrx_word' id='word_1_91' title='bbox 1373 1224 1426 1341; x_wconf 51' lang='lat' dir='ltr'><strong>f)</strong></span> <span class='ocrx_word' id='word_1_92' title='bbox 1458 1234 1484 1345; x_wconf 46' lang='lat' dir='ltr'><strong>-r&#39;</strong></span> 
     </span>
     <span class='ocr_line' id='line_1_12' title="bbox 165 1340 1508 1443; baseline 0.002 -34"><span class='ocrx_word' id='word_1_93' title='bbox 165 1346 284 1430; x_wconf 90' lang='lat' dir='ltr'><strong>aptior,</strong></span> <span class='ocrx_word' id='word_1_94' title='bbox 294 1346 346 1408; x_wconf 91' lang='lat' dir='ltr'><strong>vel</strong></span> <span class='ocrx_word' id='word_1_95' title='bbox 358 1342 399 1409; x_wconf 90' lang='lat' dir='ltr'><strong>de</strong></span> <span class='ocrx_word' id='word_1_96' title='bbox 411 1365 446 1407; x_wconf 90' lang='lat' dir='ltr'><strong>re</strong></span> <span class='ocrx_word' id='word_1_97' title='bbox 458 1344 652 1408; x_wconf 82' lang='lat' dir='ltr'><strong>instructior.</strong></span> <span class='ocrx_word' id='word_1_98' title='bbox 662 1344 760 1408; x_wconf 84' lang='lat' dir='ltr'><strong>‚Hanc</strong></span> <span class='ocrx_word' id='word_1_99' title='bbox 775 1345 963 1408; x_wconf 89' lang='lat' dir='ltr'><strong>seutentiam</strong></span> <span class='ocrx_word' id='word_1_100' title='bbox 976 1344 1185 1410; x_wconf 85' lang='lat' dir='ltr'><strong>corroborant</strong></span> <span class='ocrx_word' id='word_1_101' title='bbox 1196 1356 1298 1411; x_wconf 81' lang='lat' dir='ltr'><strong>textus</strong></span> <span class='ocrx_word' id='word_1_102' title='bbox 1393 1340 1431 1418; x_wconf 48' lang='lat' dir='ltr'><strong>*c</strong></span> <span class='ocrx_word' id='word_1_103' title='bbox 1440 1389 1456 1443; x_wconf 66' lang='lat' dir='ltr'><em>s</em></span> <span class='ocrx_word' id='word_1_104' title='bbox 1504 1372 1508 1379; x_wconf 87' lang='lat'><em>·</em></span> 
     </span>
     <span class='ocr_line' id='line_1_13' title="bbox 159 1376 1434 1564; baseline 0.002 -54"><span class='ocrx_word' id='word_1_105' title='bbox 159 1467 289 1533; x_wconf 66' lang='lat' dir='ltr'><strong>grecus</strong></span> <span class='ocrx_word' id='word_1_106' title='bbox 313 1455 345 1510; x_wconf 90' lang='lat' dir='ltr'><strong>et</strong></span> <span class='ocrx_word' id='word_1_107' title='bbox 366 1446 470 1509; x_wconf 90' lang='lat' dir='ltr'><strong>versio</strong></span> <span class='ocrx_word' id='word_1_108' title='bbox 490 1446 648 1538; x_wconf 50' lang='lat' dir='ltr'><strong>spi-rimas</strong></span> <span class='ocrx_word' id='word_1_109' title='bbox 713 1444 896 1564; x_wconf 57' lang='lat' dir='ltr'><strong>uipusTob‘</strong></span> <span class='ocrx_word' id='word_1_110' title='bbox 919 1446 1040 1561; x_wconf 36' lang='lat'><strong>⁸³3¹?</strong></span> <span class='ocrx_word' id='word_1_111' title='bbox 1051 1446 1127 1537; x_wconf 87' lang='lat' dir='ltr'><strong>libri</strong></span> <span class='ocrx_word' id='word_1_112' title='bbox 1143 1448 1177 1510; x_wconf 92' lang='lat' dir='ltr'><strong>in</strong></span> <span class='ocrx_word' id='word_1_113' title='bbox 1192 1449 1297 1532; x_wconf 89' lang='lat' dir='ltr'><strong>prima</strong></span> <span class='ocrx_word' id='word_1_114' title='bbox 1403 1376 1434 1479; x_wconf 55' lang='lat' dir='ltr'><em>s</em></span> 
     </span>
     <span class='ocr_line' id='line_1_14' title="bbox 166 1468 1297 1641; baseline 0.004 -27"><span class='ocrx_word' id='word_1_115' title='bbox 166 1571 306 1635; x_wconf 87' lang='lat' dir='ltr'><strong>persona</strong></span> <span class='ocrx_word' id='word_1_116' title='bbox 329 1550 471 1633; x_wconf 91' lang='lat' dir='ltr'><strong>loquitur</strong></span> <span class='ocrx_word' id='word_1_117' title='bbox 492 1571 499 1611; x_wconf 75' lang='grc' dir='ltr'><em>τ</em></span> <span class='ocrx_word' id='word_1_118' title='bbox 523 1544 700 1641; x_wconf 74' lang='lat' dir='ltr'><strong>139th</strong></span> <span class='ocrx_word' id='word_1_119' title='bbox 723 1468 1159 1627; x_wconf 61' lang='lat' dir='ltr'><strong>irretiatiallts&#39;palmatam,</strong></span> <span class='ocrx_word' id='word_1_120' title='bbox 1177 1563 1239 1618; x_wconf 85' lang='lat' dir='ltr'><strong>etc.</strong></span> <span class='ocrx_word' id='word_1_121' title='bbox 1259 1546 1297 1619; x_wconf 83' lang='lat' dir='ltr'><strong>Et</strong></span> 
     </span>
     <span class='ocr_line' id='line_1_15' title="bbox 166 1645 1296 1733; baseline 0.002 -21"><span class='ocrx_word' id='word_1_122' title='bbox 166 1671 241 1733; x_wconf 89' lang='lat' dir='ltr'><strong>cap.</strong></span> <span class='ocrx_word' id='word_1_123' title='bbox 251 1649 323 1729; x_wconf 88' lang='lat' dir='ltr'><strong>XII,</strong></span> <span class='ocrx_word' id='word_1_124' title='bbox 334 1649 375 1712; x_wconf 71' lang='lat'><strong>20</strong></span> <span class='ocrx_word' id='word_1_125' title='bbox 390 1648 522 1732; x_wconf 81' lang='lat' dir='ltr'><strong>angelus</strong></span> <span class='ocrx_word' id='word_1_126' title='bbox 535 1646 641 1710; x_wconf 77' lang='lat' dir='ltr'><strong>tobia</strong></span> <span class='ocrx_word' id='word_1_127' title='bbox 656 1645 751 1710; x_wconf 83' lang='lat' dir='ltr'><strong>dicit:</strong></span> <span class='ocrx_word' id='word_1_128' title='bbox 761 1648 886 1711; x_wconf 71' lang='lat' dir='ltr'><strong>scritta</strong></span> <span class='ocrx_word' id='word_1_129' title='bbox 898 1652 1000 1713; x_wconf 74' lang='lat' dir='ltr'><strong>omnia</strong></span> <span class='ocrx_word' id='word_1_130' title='bbox 1013 1670 1079 1733; x_wconf 82' lang='lat' dir='ltr'><strong>quta</strong></span> <span class='ocrx_word' id='word_1_131' title='bbox 1090 1664 1296 1716; x_wconf 78' lang='lat' dir='ltr'><strong>consummata</strong></span> 
     </span>
     <span class='ocr_line' id='line_1_16' title="bbox 165 1720 1293 1852; baseline 0.001 -36"><span class='ocrx_word' id='word_1_132' title='bbox 165 1764 239 1816; x_wconf 80' lang='lat' dir='ltr'><strong>aunt</strong></span> <span class='ocrx_word' id='word_1_133' title='bbox 251 1755 285 1814; x_wconf 81' lang='lat' dir='ltr'><strong>in</strong></span> <span class='ocrx_word' id='word_1_134' title='bbox 295 1720 427 1852; x_wconf 53' lang='lat' dir='ltr'><strong>llfflm</strong></span> <span class='ocrx_word' id='word_1_135' title='bbox 440 1751 472 1814; x_wconf 90' lang='lat' dir='ltr'><strong>in</strong></span> <span class='ocrx_word' id='word_1_136' title='bbox 482 1750 736 1835; x_wconf 84' lang='lat' dir='ltr'><strong>Vulgata,quam</strong></span> <span class='ocrx_word' id='word_1_137' title='bbox 745 1751 799 1814; x_wconf 88' lang='lat' dir='ltr'><strong>hic</strong></span> <span class='ocrx_word' id='word_1_138' title='bbox 808 1750 1043 1835; x_wconf 75' lang='lat' dir='ltr'><strong>preferendam</strong></span> <span class='ocrx_word' id='word_1_139' title='bbox 1055 1754 1293 1838; x_wconf 87' lang='lat' dir='ltr'><strong>putatReusch,</strong></span> 
     </span>
     <span class='ocr_line' id='line_1_17' title="bbox 166 1855 1299 1942; baseline 0.001 -22"><span class='ocrx_word' id='word_1_140' title='bbox 166 1858 283 1922; x_wconf 82' lang='lat' dir='ltr'><strong>&#39;lobias</strong></span> <span class='ocrx_word' id='word_1_141' title='bbox 299 1857 450 1921; x_wconf 89' lang='lat' dir='ltr'><strong>continuo</strong></span> <span class='ocrx_word' id='word_1_142' title='bbox 466 1856 498 1918; x_wconf 93' lang='lat' dir='ltr'><strong>in</strong></span> <span class='ocrx_word' id='word_1_143' title='bbox 511 1855 602 1918; x_wconf 89' lang='lat' dir='ltr'><strong>tertia</strong></span> <span class='ocrx_word' id='word_1_144' title='bbox 619 1875 756 1939; x_wconf 90' lang='lat' dir='ltr'><strong>persona</strong></span> <span class='ocrx_word' id='word_1_145' title='bbox 773 1855 914 1940; x_wconf 91' lang='lat' dir='ltr'><strong>loquitur</strong></span> <span class='ocrx_word' id='word_1_146' title='bbox 928 1865 958 1918; x_wconf 88' lang='lat' dir='ltr'><strong>ct</strong></span> <span class='ocrx_word' id='word_1_147' title='bbox 972 1877 1044 1941; x_wconf 86' lang='lat' dir='ltr'><strong>cap.</strong></span> <span class='ocrx_word' id='word_1_148' title='bbox 1061 1856 1189 1940; x_wconf 76' lang='lat' dir='ltr'><strong>x11,20</strong></span> <span class='ocrx_word' id='word_1_149' title='bbox 1204 1878 1299 1942; x_wconf 81' lang='lat' dir='ltr'><strong>ange·</strong></span> 
     </span>
     <span class='ocr_line' id='line_1_18' title="bbox 167 1943 1297 2044; baseline 0.002 -21"><span class='ocrx_word' id='word_1_150' title='bbox 167 1962 218 2023; x_wconf 89' lang='lat' dir='ltr'><strong>lus</strong></span> <span class='ocrx_word' id='word_1_151' title='bbox 230 1943 296 2024; x_wconf 82' lang='lat' dir='ltr'><strong>non</strong></span> <span class='ocrx_word' id='word_1_152' title='bbox 311 1958 387 2023; x_wconf 91' lang='lat' dir='ltr'><strong>dicit</strong></span> <span class='ocrx_word' id='word_1_153' title='bbox 403 1981 410 2022; x_wconf 90' lang='lat'><strong>:</strong></span> <span class='ocrx_word' id='word_1_154' title='bbox 424 1958 553 2031; x_wconf 79' lang='lat' dir='ltr'><strong>scribite,</strong></span> <span class='ocrx_word' id='word_1_155' title='bbox 566 1956 621 2020; x_wconf 91' lang='lat' dir='ltr'><strong>sed</strong></span> <span class='ocrx_word' id='word_1_156' title='bbox 635 1969 759 2020; x_wconf 79' lang='lat' dir='ltr'><strong>narrate</strong></span> <span class='ocrx_word' id='word_1_157' title='bbox 771 1960 874 2022; x_wconf 81' lang='lat' dir='ltr'><strong>ontaio</strong></span> <span class='ocrx_word' id='word_1_158' title='bbox 887 1958 1041 2022; x_wconf 77' lang='lat' dir='ltr'><strong>attrahitis</strong></span> <span class='ocrx_word' id='word_1_159' title='bbox 1054 1963 1131 2044; x_wconf 84' lang='lat' dir='ltr'><strong>ejus.</strong></span> <span class='ocrx_word' id='word_1_160' title='bbox 1141 1961 1297 2025; x_wconf 83' lang='lat' dir='ltr'><strong>Auctores</strong></span> 
     </span>
     <span class='ocr_line' id='line_1_19' title="bbox 44 2060 1298 2149; baseline 0 -22"><span class='ocrx_word' id='word_1_161' title='bbox 44 2090 52 2102; x_wconf 91' lang='lat'><strong>·</strong></span> <span class='ocrx_word' id='word_1_162' title='bbox 167 2064 225 2149; x_wconf 85' lang='lat' dir='ltr'><strong>qui</strong></span> <span class='ocrx_word' id='word_1_163' title='bbox 240 2062 359 2127; x_wconf 88' lang='lat' dir='ltr'><strong>librum</strong></span> <span class='ocrx_word' id='word_1_164' title='bbox 371 2061 413 2125; x_wconf 86' lang='lat' dir='ltr'><strong>ab</strong></span> <span class='ocrx_word' id='word_1_165' title='bbox 425 2070 561 2146; x_wconf 92' lang='lat' dir='ltr'><strong>utroque</strong></span> <span class='ocrx_word' id='word_1_166' title='bbox 574 2060 672 2125; x_wconf 87' lang='lat' dir='ltr'><strong>Tobia</strong></span> <span class='ocrx_word' id='word_1_167' title='bbox 685 2062 901 2144; x_wconf 89' lang='lat' dir='ltr'><strong>conscriptum</strong></span> <span class='ocrx_word' id='word_1_168' title='bbox 915 2060 1033 2144; x_wconf 84' lang='lat' dir='ltr'><strong>tenent,</strong></span> <span class='ocrx_word' id='word_1_169' title='bbox 1048 2064 1220 2147; x_wconf 89' lang='lat' dir='ltr'><strong>opinantur</strong></span> <span class='ocrx_word' id='word_1_170' title='bbox 1231 2064 1298 2127; x_wconf 88' lang='lat' dir='ltr'><strong>To-</strong></span> 
     </span>
     <span class='ocr_line' id='line_1_20' title="bbox 167 2159 1297 2248; baseline 0 -20"><span class='ocrx_word' id='word_1_171' title='bbox 167 2165 257 2230; x_wconf 89' lang='lat' dir='ltr'><strong>biam</strong></span> <span class='ocrx_word' id='word_1_172' title='bbox 270 2165 429 2227; x_wconf 90' lang='lat' dir='ltr'><strong>seniorem</strong></span> <span class='ocrx_word' id='word_1_173' title='bbox 442 2163 601 2248; x_wconf 84' lang='lat' dir='ltr'><strong>scripsisse</strong></span> <span class='ocrx_word' id='word_1_174' title='bbox 618 2182 712 2246; x_wconf 84' lang='lat' dir='ltr'><strong>capp.</strong></span> <span class='ocrx_word' id='word_1_175' title='bbox 722 2161 846 2242; x_wconf 88' lang='lat' dir='ltr'><strong>I-XIII,</strong></span> <span class='ocrx_word' id='word_1_176' title='bbox 852 2159 1017 2245; x_wconf 85' lang='lat' dir='ltr'><strong>juniorem</strong></span> <span class='ocrx_word' id='word_1_177' title='bbox 1027 2163 1178 2247; x_wconf 83' lang='lat' dir='ltr'><strong>cap.le</strong></span> <span class='ocrx_word' id='word_1_178' title='bbox 1180 2213 1189 2246; x_wconf 99' lang='lat'><strong>,</strong></span> <span class='ocrx_word' id='word_1_179' title='bbox 1204 2165 1297 2246; x_wconf 64' lang='lat'><strong>145,</strong></span> 
     </span>
     <span class='ocr_line' id='line_1_21' title="bbox 7 2262 1297 2350; baseline -0.001 -20"><span class='ocrx_word' id='word_1_180' title='bbox 7 2298 9 2303; x_wconf 33' lang='lat' dir='ltr'><strong>v</strong></span> <span class='ocrx_word' id='word_1_181' title='bbox 168 2267 381 2331; x_wconf 83' lang='lat' dir='ltr'><strong>recentiorem</strong></span> <span class='ocrx_word' id='word_1_182' title='bbox 401 2266 543 2350; x_wconf 87' lang='lat' dir='ltr'><strong>aliquem</strong></span> <span class='ocrx_word' id='word_1_183' title='bbox 556 2286 595 2328; x_wconf 85' lang='lat' dir='ltr'><strong>ex</strong></span> <span class='ocrx_word' id='word_1_184' title='bbox 611 2262 781 2347; x_wconf 85' lang='lat' dir='ltr'><strong>nepotibus</strong></span> <span class='ocrx_word' id='word_1_185' title='bbox 796 2262 925 2326; x_wconf 87' lang='lat' dir='ltr'><strong>ultimos</strong></span> <span class='ocrx_word' id='word_1_186' title='bbox 937 2264 1110 2328; x_wconf 89' lang='lat' dir='ltr'><strong>versiculos</strong></span> <span class='ocrx_word' id='word_1_187' title='bbox 1124 2263 1297 2330; x_wconf 89' lang='lat' dir='ltr'><strong>addidisse.</strong></span> 
     </span>
    </p>

    <p class='ocr_par' dir='ltr' id='par_1_6' title="bbox 80 2339 1515 2762">
     <span class='ocr_line' id='line_1_22' title="bbox 80 2339 1515 2482; baseline 0.002 -49"><span class='ocrx_word' id='word_1_188' title='bbox 80 2374 139 2471; x_wconf 62' lang='lat'><strong>50</strong></span> <span class='ocrx_word' id='word_1_189' title='bbox 213 2371 245 2433; x_wconf 83' lang='lat'><strong>5.</strong></span> <span class='ocrx_word' id='word_1_190' title='bbox 267 2350 716 2461; x_wconf 57' lang='lat' dir='ltr'><strong>tinpuaetsontesffibrum</strong></span> <span class='ocrx_word' id='word_1_191' title='bbox 737 2364 844 2429; x_wconf 84' lang='lat' dir='ltr'><strong>Tobiae</strong></span> <span class='ocrx_word' id='word_1_192' title='bbox 865 2364 1030 2445; x_wconf 61' lang='lat' dir='ltr'><strong>chaldaice</strong></span> <span class='ocrx_word' id='word_1_193' title='bbox 1050 2367 1196 2451; x_wconf 87' lang='lat' dir='ltr'><strong>primitus</strong></span> <span class='ocrx_word' id='word_1_194' title='bbox 1217 2390 1298 2433; x_wconf 91' lang='lat' dir='ltr'><strong>cou-</strong></span> <span class='ocrx_word' id='word_1_195' title='bbox 1332 2339 1471 2482; x_wconf 45' lang='grc' dir='ltr'><strong>ὑφ’.</strong></span> <span class='ocrx_word' id='word_1_196' title='bbox 1486 2414 1515 2425; x_wconf 81' lang='grc'>-</span> 
     </span>
     <span class='ocr_line' id='line_1_23' title="bbox 169 2467 1422 2558; baseline -0.001 -22"><span class='ocrx_word' id='word_1_197' title='bbox 169 2474 324 2558; x_wconf 90' lang='lat' dir='ltr'><strong>scriptum</strong></span> <span class='ocrx_word' id='word_1_198' title='bbox 352 2472 448 2535; x_wconf 87' lang='lat' dir='ltr'><strong>fnisse</strong></span> <span class='ocrx_word' id='word_1_199' title='bbox 465 2471 576 2535; x_wconf 88' lang='lat' dir='ltr'><strong>asserit</strong></span> <span class='ocrx_word' id='word_1_200' title='bbox 602 2467 718 2532; x_wconf 88' lang='lat' dir='ltr'><strong>diserto</strong></span> <span class='ocrx_word' id='word_1_201' title='bbox 744 2468 777 2530; x_wconf 88' lang='lat' dir='ltr'><strong>S.</strong></span> <span class='ocrx_word' id='word_1_202' title='bbox 799 2468 1011 2553; x_wconf 84' lang='lat' dir='ltr'><strong>Hieronymus</strong></span> <span class='ocrx_word' id='word_1_203' title='bbox 1033 2468 1093 2554; x_wconf 90' lang='lat' dir='ltr'><strong>(l).</strong></span> <span class='ocrx_word' id='word_1_204' title='bbox 1115 2470 1214 2535; x_wconf 90' lang='lat' dir='ltr'><strong>Porro</strong></span> <span class='ocrx_word' id='word_1_205' title='bbox 1233 2492 1297 2535; x_wconf 92' lang='lat' dir='ltr'><strong>non</strong></span> <span class='ocrx_word' id='word_1_206' title='bbox 1420 2481 1422 2483; x_wconf 83' lang='grc'><strong>’</strong></span> 
     </span>
     <span class='ocr_line' id='line_1_24' title="bbox 169 2570 1299 2660; baseline 0 -21"><span class='ocrx_word' id='word_1_207' title='bbox 169 2575 310 2660; x_wconf 91' lang='lat' dir='ltr'><strong>amplius</strong></span> <span class='ocrx_word' id='word_1_208' title='bbox 337 2582 438 2637; x_wconf 88' lang='lat' dir='ltr'><strong>exstat</strong></span> <span class='ocrx_word' id='word_1_209' title='bbox 464 2581 567 2636; x_wconf 81' lang='lat' dir='ltr'><strong>textus</strong></span> <span class='ocrx_word' id='word_1_210' title='bbox 597 2570 693 2657; x_wconf 89' lang='lat' dir='ltr'><strong>hujus</strong></span> <span class='ocrx_word' id='word_1_211' title='bbox 719 2570 793 2636; x_wconf 86' lang='lat' dir='ltr'><strong>libri</strong></span> <span class='ocrx_word' id='word_1_212' title='bbox 816 2570 1035 2655; x_wconf 86' lang='lat' dir='ltr'><strong>primigenius.</strong></span> <span class='ocrx_word' id='word_1_213' title='bbox 1060 2572 1107 2635; x_wconf 83' lang='lat' dir='ltr'><strong>Ex</strong></span> <span class='ocrx_word' id='word_1_214' title='bbox 1131 2573 1299 2640; x_wconf 89' lang='lat' dir='ltr'><strong>chaldaico</strong></span> 
     </span>
     <span class='ocr_line' id='line_1_25' title="bbox 170 2673 1300 2762; baseline -0.004 -19"><span class='ocrx_word' id='word_1_215' title='bbox 170 2688 280 2744; x_wconf 90' lang='lat' dir='ltr'><strong>autem</strong></span> <span class='ocrx_word' id='word_1_216' title='bbox 297 2679 471 2762; x_wconf 83' lang='lat' dir='ltr'><strong>exemplari</strong></span> <span class='ocrx_word' id='word_1_217' title='bbox 483 2674 676 2751; x_wconf 76' lang='lat' dir='ltr'><strong>immediate</strong></span> <span class='ocrx_word' id='word_1_218' title='bbox 694 2673 844 2738; x_wconf 76' lang='lat' dir='ltr'><strong>derivate</strong></span> <span class='ocrx_word' id='word_1_219' title='bbox 863 2683 935 2738; x_wconf 88' lang='lat' dir='ltr'><strong>sunt</strong></span> <span class='ocrx_word' id='word_1_220' title='bbox 952 2674 1024 2738; x_wconf 82' lang='lat' dir='ltr'><strong>dnae</strong></span> <span class='ocrx_word' id='word_1_221' title='bbox 1040 2678 1212 2759; x_wconf 83' lang='lat' dir='ltr'><strong>versiones,</strong></span> <span class='ocrx_word' id='word_1_222' title='bbox 1229 2698 1300 2762; x_wconf 81' lang='lat' dir='ltr'><strong>qua.</strong></span> 
     </span>
    </p>

    <p class='ocr_par' dir='ltr' id='par_1_7' title="bbox 27 2775 1394 4103">
     <span class='ocr_line' id='line_1_26' title="bbox 27 2775 1301 2864; baseline -0.002 -19"><span class='ocrx_word' id='word_1_223' title='bbox 27 2825 35 2834; x_wconf 87' lang='lat'>-</span> <span class='ocrx_word' id='word_1_224' title='bbox 105 2821 110 2830; x_wconf 87' lang='lat'>·</span> <span class='ocrx_word' id='word_1_225' title='bbox 140 2842 143 2845; x_wconf 85' lang='lat'><strong>.</strong></span> <span class='ocrx_word' id='word_1_226' title='bbox 172 2803 260 2847; x_wconf 88' lang='lat' dir='ltr'><strong>nune</strong></span> <span class='ocrx_word' id='word_1_227' title='bbox 283 2780 326 2845; x_wconf 92' lang='lat' dir='ltr'><strong>ad</strong></span> <span class='ocrx_word' id='word_1_228' title='bbox 348 2783 447 2845; x_wconf 88' lang='lat' dir='ltr'><strong>instar</strong></span> <span class='ocrx_word' id='word_1_229' title='bbox 467 2789 569 2844; x_wconf 81' lang='lat' dir='ltr'><strong>textus</strong></span> <span class='ocrx_word' id='word_1_230' title='bbox 592 2778 772 2864; x_wconf 82' lang='lat' dir='ltr'><strong>primigenii</strong></span> <span class='ocrx_word' id='word_1_231' title='bbox 789 2775 960 2860; x_wconf 88' lang='lat' dir='ltr'><strong>habentur,</strong></span> <span class='ocrx_word' id='word_1_232' title='bbox 985 2799 1088 2862; x_wconf 76' lang='lat' dir='ltr'><strong>greca</strong></span> <span class='ocrx_word' id='word_1_233' title='bbox 1106 2780 1225 2844; x_wconf 91' lang='lat' dir='ltr'><strong>scilicet</strong></span> <span class='ocrx_word' id='word_1_234' title='bbox 1239 2780 1301 2843; x_wconf 89' lang='lat' dir='ltr'><strong>Se—</strong></span> 
     </span>
     <span class='ocr_line' id='line_1_27' title="bbox 170 2873 1301 2970; baseline -0.001 -23"><span class='ocrx_word' id='word_1_235' title='bbox 170 2874 338 2970; x_wconf 78' lang='lat' dir='ltr'><strong>ptuaginta</strong></span> <span class='ocrx_word' id='word_1_236' title='bbox 351 2884 565 2966; x_wconf 90' lang='lat' dir='ltr'><strong>Interpretum</strong></span> <span class='ocrx_word' id='word_1_237' title='bbox 578 2876 610 2944; x_wconf 81' lang='lat' dir='ltr'><strong>tit</strong></span> <span class='ocrx_word' id='word_1_238' title='bbox 628 2873 727 2943; x_wconf 90' lang='lat' dir='ltr'><strong>latina</strong></span> <span class='ocrx_word' id='word_1_239' title='bbox 744 2879 777 2943; x_wconf 88' lang='lat' dir='ltr'><strong>S.</strong></span> <span class='ocrx_word' id='word_1_240' title='bbox 792 2878 995 2965; x_wconf 79' lang='lat' dir='ltr'><strong>Hieronymit</strong></span> <span class='ocrx_word' id='word_1_241' title='bbox 1005 2881 1075 2944; x_wconf 88' lang='lat' dir='ltr'><strong>lstae</strong></span> <span class='ocrx_word' id='word_1_242' title='bbox 1086 2883 1247 2946; x_wconf 86' lang='lat' dir='ltr'><strong>versiones</strong></span> <span class='ocrx_word' id='word_1_243' title='bbox 1267 2884 1301 2947; x_wconf 93' lang='lat' dir='ltr'><strong>in</strong></span> 
     </span>
     <span class='ocr_line' id='line_1_28' title="bbox 170 2981 1300 3067; baseline -0.009 -16"><span class='ocrx_word' id='word_1_244' title='bbox 170 2986 348 3051; x_wconf 84' lang='lat' dir='ltr'><strong>substantia</strong></span> <span class='ocrx_word' id='word_1_245' title='bbox 374 2993 561 3067; x_wconf 87' lang='lat' dir='ltr'><strong>consonant,</strong></span> <span class='ocrx_word' id='word_1_246' title='bbox 581 2984 614 3046; x_wconf 91' lang='lat' dir='ltr'><strong>in</strong></span> <span class='ocrx_word' id='word_1_247' title='bbox 629 2981 726 3046; x_wconf 90' lang='lat' dir='ltr'><strong>rebus</strong></span> <span class='ocrx_word' id='word_1_248' title='bbox 750 2990 858 3044; x_wconf 90' lang='lat' dir='ltr'><strong>tamen</strong></span> <span class='ocrx_word' id='word_1_249' title='bbox 881 2981 1053 3046; x_wconf 90' lang='lat' dir='ltr'><strong>levioribus</strong></span> <span class='ocrx_word' id='word_1_250' title='bbox 1068 3004 1151 3067; x_wconf 85' lang='lat' dir='ltr'><strong>saepe</strong></span> <span class='ocrx_word' id='word_1_251' title='bbox 1175 2982 1300 3047; x_wconf 51' lang='lat' dir='ltr'><strong>disere.</strong></span> 
     </span>
     <span class='ocr_line' id='line_1_29' title="bbox 170 3060 1392 3191; baseline -0.002 -38"><span class='ocrx_word' id='word_1_252' title='bbox 170 3060 261 3191; x_wconf 66' lang='lat' dir='ltr'><strong>pan]</strong></span> <span class='ocrx_word' id='word_1_253' title='bbox 278 3089 379 3152; x_wconf 91' lang='lat' dir='ltr'><strong>Porro</strong></span> <span class='ocrx_word' id='word_1_254' title='bbox 396 3086 549 3151; x_wconf 89' lang='lat' dir='ltr'><strong>versionis</strong></span> <span class='ocrx_word' id='word_1_255' title='bbox 565 3105 687 3169; x_wconf 78' lang='lat' dir='ltr'><strong>graeeae,</strong></span> <span class='ocrx_word' id='word_1_256' title='bbox 704 3093 739 3146; x_wconf 93' lang='lat' dir='ltr'><strong>ut</strong></span> <span class='ocrx_word' id='word_1_257' title='bbox 752 3091 840 3147; x_wconf 89' lang='lat' dir='ltr'><strong>notat</strong></span> <span class='ocrx_word' id='word_1_258' title='bbox 854 3084 994 3166; x_wconf 88' lang='lat' dir='ltr'><strong>Reuseh,</strong></span> <span class='ocrx_word' id='word_1_259' title='bbox 1014 3094 1077 3149; x_wconf 89' lang='lat' dir='ltr'><strong>tres</strong></span> <span class='ocrx_word' id='word_1_260' title='bbox 1091 3085 1133 3149; x_wconf 91' lang='lat' dir='ltr'><strong>ad</strong></span> <span class='ocrx_word' id='word_1_261' title='bbox 1151 3107 1208 3151; x_wconf 92' lang='lat' dir='ltr'><strong>nos</strong></span> <span class='ocrx_word' id='word_1_262' title='bbox 1222 3108 1300 3172; x_wconf 90' lang='lat' dir='ltr'><strong>per·</strong></span> <span class='ocrx_word' id='word_1_263' title='bbox 1387 3126 1392 3133; x_wconf 92' lang='lat'><strong>·</strong></span> 
     </span>
     <span class='ocr_line' id='line_1_30' title="bbox 170 3180 1394 3272; baseline -0.001 -18"><span class='ocrx_word' id='word_1_264' title='bbox 170 3197 328 3255; x_wconf 75' lang='lat' dir='ltr'><strong>verterunt</strong></span> <span class='ocrx_word' id='word_1_265' title='bbox 343 3190 557 3270; x_wconf 86' lang='lat' dir='ltr'><strong>recensiones,</strong></span> <span class='ocrx_word' id='word_1_266' title='bbox 572 3187 615 3251; x_wconf 90' lang='lat' dir='ltr'><strong>ab</strong></span> <span class='ocrx_word' id='word_1_267' title='bbox 632 3187 770 3251; x_wconf 90' lang='lat' dir='ltr'><strong>invicem</strong></span> <span class='ocrx_word' id='word_1_268' title='bbox 783 3186 929 3250; x_wconf 90' lang='lat' dir='ltr'><strong>nonnihil</strong></span> <span class='ocrx_word' id='word_1_269' title='bbox 950 3185 1177 3272; x_wconf 86' lang='lat' dir='ltr'><strong>discrepantes.</strong></span> <span class='ocrx_word' id='word_1_270' title='bbox 1191 3190 1300 3253; x_wconf 89' lang='lat' dir='ltr'><strong>Prima</strong></span> <span class='ocrx_word' id='word_1_271' title='bbox 1369 3180 1373 3186; x_wconf 41' lang='lat'>¹</span> <span class='ocrx_word' id='word_1_272' title='bbox 1391 3216 1394 3227; x_wconf 89' lang='lat'>·</span> 
     </span>
     <span class='ocr_line' id='line_1_31' title="bbox 167 3287 1295 3377; baseline -0.001 -20"><span class='ocrx_word' id='word_1_273' title='bbox 167 3294 314 3357; x_wconf 88' lang='lat' dir='ltr'><strong>recensio</strong></span> <span class='ocrx_word' id='word_1_274' title='bbox 332 3292 469 3357; x_wconf 88' lang='lat' dir='ltr'><strong>habetur</strong></span> <span class='ocrx_word' id='word_1_275' title='bbox 486 3292 518 3354; x_wconf 91' lang='lat' dir='ltr'><strong>in</strong></span> <span class='ocrx_word' id='word_1_276' title='bbox 532 3289 642 3355; x_wconf 90' lang='lat' dir='ltr'><strong>codice</strong></span> <span class='ocrx_word' id='word_1_277' title='bbox 655 3290 809 3355; x_wconf 88' lang='lat' dir='ltr'><strong>Vaticano</strong></span> <span class='ocrx_word' id='word_1_278' title='bbox 825 3299 855 3352; x_wconf 89' lang='lat' dir='ltr'><strong>et</strong></span> <span class='ocrx_word' id='word_1_279' title='bbox 868 3289 900 3353; x_wconf 89' lang='lat' dir='ltr'><strong>in</strong></span> <span class='ocrx_word' id='word_1_280' title='bbox 913 3287 1105 3355; x_wconf 88' lang='lat' dir='ltr'><strong>editionibus</strong></span> <span class='ocrx_word' id='word_1_281' title='bbox 1122 3292 1295 3377; x_wconf 88' lang='lat' dir='ltr'><strong>impressis.</strong></span> 
     </span>
     <span class='ocr_line' id='line_1_32' title="bbox 167 3393 1297 3478; baseline 0.003 -20"><span class='ocrx_word' id='word_1_282' title='bbox 167 3396 264 3459; x_wconf 90' lang='lat' dir='ltr'><strong>Hanc</strong></span> <span class='ocrx_word' id='word_1_283' title='bbox 287 3396 385 3459; x_wconf 90' lang='lat' dir='ltr'><strong>secuti</strong></span> <span class='ocrx_word' id='word_1_284' title='bbox 408 3404 482 3458; x_wconf 89' lang='lat' dir='ltr'><strong>sunt</strong></span> <span class='ocrx_word' id='word_1_285' title='bbox 501 3394 611 3458; x_wconf 89' lang='lat' dir='ltr'><strong>Patres</strong></span> <span class='ocrx_word' id='word_1_286' title='bbox 628 3394 723 3478; x_wconf 78' lang='lat' dir='ltr'><strong>greci</strong></span> <span class='ocrx_word' id='word_1_287' title='bbox 741 3402 773 3455; x_wconf 91' lang='lat' dir='ltr'><strong>et</strong></span> <span class='ocrx_word' id='word_1_288' title='bbox 792 3393 947 3476; x_wconf 89' lang='lat' dir='ltr'><strong>interpres</strong></span> <span class='ocrx_word' id='word_1_289' title='bbox 964 3415 1125 3460; x_wconf 89' lang='lat' dir='ltr'><strong>armenus.</strong></span> <span class='ocrx_word' id='word_1_290' title='bbox 1150 3396 1297 3461; x_wconf 86' lang='lat' dir='ltr'><strong>Secunda</strong></span> 
     </span>
     <span class='ocr_line' id='line_1_33' title="bbox 167 3493 1297 3579; baseline -0.001 -16"><span class='ocrx_word' id='word_1_291' title='bbox 167 3498 309 3563; x_wconf 90' lang='lat' dir='ltr'><strong>habetur</strong></span> <span class='ocrx_word' id='word_1_292' title='bbox 325 3500 358 3561; x_wconf 96' lang='lat' dir='ltr'><strong>in</strong></span> <span class='ocrx_word' id='word_1_293' title='bbox 376 3496 487 3561; x_wconf 91' lang='lat' dir='ltr'><strong>codice</strong></span> <span class='ocrx_word' id='word_1_294' title='bbox 499 3497 661 3561; x_wconf 89' lang='lat' dir='ltr'><strong>Sinaitieo.</strong></span> <span class='ocrx_word' id='word_1_295' title='bbox 676 3493 728 3559; x_wconf 81' lang='lat' dir='ltr'><strong>ad</strong></span> <span class='ocrx_word' id='word_1_296' title='bbox 743 3496 827 3558; x_wconf 89' lang='lat' dir='ltr'><strong>hane</strong></span> <span class='ocrx_word' id='word_1_297' title='bbox 843 3497 1003 3579; x_wconf 90' lang='lat' dir='ltr'><strong>pertinent</strong></span> <span class='ocrx_word' id='word_1_298' title='bbox 1018 3497 1178 3562; x_wconf 86' lang='lat' dir='ltr'><strong>versiones</strong></span> <span class='ocrx_word' id='word_1_299' title='bbox 1192 3499 1297 3562; x_wconf 84' lang='lat' dir='ltr'><strong>latinae</strong></span> 
     </span>
     <span class='ocr_line' id='line_1_34' title="bbox 166 3599 1338 3685; baseline -0.001 -18"><span class='ocrx_word' id='word_1_300' title='bbox 166 3601 505 3685; x_wconf 79' lang='lat' dir='ltr'><strong>antehieronymiansc.</strong></span> <span class='ocrx_word' id='word_1_301' title='bbox 527 3600 622 3663; x_wconf 91' lang='lat' dir='ltr'><strong>Putat</strong></span> <span class='ocrx_word' id='word_1_302' title='bbox 635 3599 763 3663; x_wconf 81' lang='lat' dir='ltr'><strong>Reusclt</strong></span> <span class='ocrx_word' id='word_1_303' title='bbox 778 3618 850 3661; x_wconf 86' lang='lat' dir='ltr'><strong>eam</strong></span> <span class='ocrx_word' id='word_1_304' title='bbox 866 3601 1085 3664; x_wconf 89' lang='lat' dir='ltr'><strong>recensionem</strong></span> <span class='ocrx_word' id='word_1_305' title='bbox 1102 3602 1214 3665; x_wconf 87' lang='lat' dir='ltr'><strong>ceteris</strong></span> <span class='ocrx_word' id='word_1_306' title='bbox 1227 3623 1297 3666; x_wconf 94' lang='lat' dir='ltr'><strong>om·</strong></span> <span class='ocrx_word' id='word_1_307' title='bbox 1336 3666 1338 3671; x_wconf 84' lang='grc'>,</span> 
     </span>
     <span class='ocr_line' id='line_1_35' title="bbox 167 3701 1299 3790; baseline -0.002 -19"><span class='ocrx_word' id='word_1_308' title='bbox 167 3706 266 3771; x_wconf 90' lang='lat' dir='ltr'><strong>nibus</strong></span> <span class='ocrx_word' id='word_1_309' title='bbox 284 3705 420 3770; x_wconf 87' lang='lat' dir='ltr'><strong>textibus</strong></span> <span class='ocrx_word' id='word_1_310' title='bbox 435 3713 585 3790; x_wconf 81' lang='lat' dir='ltr'><strong>praestare</strong></span> <span class='ocrx_word' id='word_1_311' title='bbox 610 3701 697 3788; x_wconf 91' lang='lat' dir='ltr'><strong>quod</strong></span> <span class='ocrx_word' id='word_1_312' title='bbox 714 3705 844 3787; x_wconf 89' lang='lat' dir='ltr'><strong>propius</strong></span> <span class='ocrx_word' id='word_1_313' title='bbox 864 3702 996 3767; x_wconf 89' lang='lat' dir='ltr'><strong>accedat</strong></span> <span class='ocrx_word' id='word_1_314' title='bbox 1013 3702 1057 3769; x_wconf 92' lang='lat' dir='ltr'><strong>ad</strong></span> <span class='ocrx_word' id='word_1_315' title='bbox 1072 3706 1299 3789; x_wconf 82' lang='lat' dir='ltr'><strong>primigenium</strong></span> 
     </span>
     <span class='ocr_line' id='line_1_36' title="bbox 167 3805 1301 3893; baseline -0.003 -17"><span class='ocrx_word' id='word_1_316' title='bbox 167 3813 307 3876; x_wconf 90' lang='lat' dir='ltr'><strong>fontem.</strong></span> <span class='ocrx_word' id='word_1_317' title='bbox 330 3808 445 3889; x_wconf 79' lang='lat' dir='ltr'><strong>Tertia,</strong></span> <span class='ocrx_word' id='word_1_318' title='bbox 465 3806 507 3870; x_wconf 91' lang='lat' dir='ltr'><strong>ad</strong></span> <span class='ocrx_word' id='word_1_319' title='bbox 531 3828 628 3893; x_wconf 90' lang='lat' dir='ltr'><strong>quam</strong></span> <span class='ocrx_word' id='word_1_320' title='bbox 652 3805 787 3887; x_wconf 89' lang='lat' dir='ltr'><strong>aceedit,</strong></span> <span class='ocrx_word' id='word_1_321' title='bbox 806 3828 824 3869; x_wconf 93' lang='lat' dir='ltr'><strong>a</strong></span> <span class='ocrx_word' id='word_1_322' title='bbox 841 3826 913 3890; x_wconf 88' lang='lat' dir='ltr'><strong>cap.</strong></span> <span class='ocrx_word' id='word_1_323' title='bbox 933 3806 993 3872; x_wconf 91' lang='lat' dir='ltr'><strong>Vll</strong></span> <span class='ocrx_word' id='word_1_324' title='bbox 1011 3807 1053 3871; x_wconf 92' lang='lat' dir='ltr'><strong>ad</strong></span> <span class='ocrx_word' id='word_1_325' title='bbox 1071 3807 1181 3891; x_wconf 91' lang='lat' dir='ltr'><strong>finem,</strong></span> <span class='ocrx_word' id='word_1_326' title='bbox 1197 3811 1301 3873; x_wconf 91' lang='lat' dir='ltr'><strong>versio</strong></span> 
     </span>
     <span class='ocr_line' id='line_1_37' title="bbox 165 3907 1301 4001; baseline -0.003 -22"><span class='ocrx_word' id='word_1_327' title='bbox 165 3913 305 4001; x_wconf 85' lang='lat' dir='ltr'><strong>syriaca,</strong></span> <span class='ocrx_word' id='word_1_328' title='bbox 323 3909 461 3974; x_wconf 90' lang='lat' dir='ltr'><strong>habetur</strong></span> <span class='ocrx_word' id='word_1_329' title='bbox 477 3910 509 3973; x_wconf 91' lang='lat' dir='ltr'><strong>in</strong></span> <span class='ocrx_word' id='word_1_330' title='bbox 530 3908 631 3973; x_wconf 89' lang='lat' dir='ltr'><strong>tribus</strong></span> <span class='ocrx_word' id='word_1_331' title='bbox 648 3907 811 3981; x_wconf 88' lang='lat' dir='ltr'><strong>codicibus</strong></span> <span class='ocrx_word' id='word_1_332' title='bbox 828 3908 1025 3975; x_wconf 84' lang='lat' dir='ltr'><strong>minusculis.</strong></span> <span class='ocrx_word' id='word_1_333' title='bbox 1044 3910 1154 3975; x_wconf 89' lang='lat' dir='ltr'><strong>Versio</strong></span> <span class='ocrx_word' id='word_1_334' title='bbox 1168 3911 1201 3976; x_wconf 86' lang='lat' dir='ltr'><strong>S.</strong></span> <span class='ocrx_word' id='word_1_335' title='bbox 1220 3912 1301 3976; x_wconf 89' lang='lat' dir='ltr'><strong>Hie-</strong></span> 
     </span>
     <span class='ocr_line' id='line_1_38' title="bbox 164 4009 1222 4103; baseline -0.004 -20"><span class='ocrx_word' id='word_1_336' title='bbox 164 4016 309 4103; x_wconf 85' lang='lat' dir='ltr'><strong>ronymi,</strong></span> <span class='ocrx_word' id='word_1_337' title='bbox 328 4013 473 4079; x_wconf 88' lang='lat' dir='ltr'><strong>celeriter</strong></span> <span class='ocrx_word' id='word_1_338' title='bbox 489 4012 532 4077; x_wconf 94' lang='lat' dir='ltr'><strong>ab</strong></span> <span class='ocrx_word' id='word_1_339' title='bbox 552 4012 620 4097; x_wconf 90' lang='lat' dir='ltr'><strong>ipso</strong></span> <span class='ocrx_word' id='word_1_340' title='bbox 637 4013 796 4099; x_wconf 88' lang='lat' dir='ltr'><strong>conlecta,</strong></span> <span class='ocrx_word' id='word_1_341' title='bbox 811 4009 951 4075; x_wconf 89' lang='lat' dir='ltr'><strong>habetur</strong></span> <span class='ocrx_word' id='word_1_342' title='bbox 962 4014 994 4076; x_wconf 92' lang='lat' dir='ltr'><strong>in</strong></span> <span class='ocrx_word' id='word_1_343' title='bbox 1008 4014 1145 4098; x_wconf 82' lang='lat' dir='ltr'><strong>Vulgata</strong></span> <span class='ocrx_word' id='word_1_344' title='bbox 1162 4014 1174 4100; x_wconf 90' lang='lat'>(</span> <span class='ocrx_word' id='word_1_345' title='bbox 1198 4014 1222 4101; x_wconf 87' lang='lat'><strong>).</strong></span> 
     </span>
    </p>
   </div>
   <div class='ocr_carea' id='block_1_5' title="bbox 163 4145 1302 4419">
    <p class='ocr_par' dir='ltr' id='par_1_8' title="bbox 163 4145 1302 4419">
     <span class='ocr_line' id='line_1_39' title="bbox 199 4145 1302 4246; baseline -0.002 -15"><span class='ocrx_word' id='word_1_346' title='bbox 199 4148 238 4245; x_wconf 83' lang='lat' dir='ltr'><strong>(l)</strong></span> <span class='ocrx_word' id='word_1_347' title='bbox 256 4145 397 4241; x_wconf 71' lang='lat' dir='ltr'><strong>«Exigitis,</strong></span> <span class='ocrx_word' id='word_1_348' title='bbox 414 4176 498 4241; x_wconf 87' lang='lat' dir='ltr'><strong>inquit</strong></span> <span class='ocrx_word' id='word_1_349' title='bbox 509 4177 536 4227; x_wconf 91' lang='lat' dir='ltr'><strong>in</strong></span> <span class='ocrx_word' id='word_1_350' title='bbox 553 4178 630 4241; x_wconf 70' lang='lat' dir='ltr'><strong>t&#39;roes.</strong></span> <span class='ocrx_word' id='word_1_351' title='bbox 649 4177 678 4227; x_wconf 82' lang='lat' dir='ltr'><strong>ia</strong></span> <span class='ocrx_word' id='word_1_352' title='bbox 694 4174 763 4236; x_wconf 71' lang='lat' dir='ltr'><strong>Tot„</strong></span> <span class='ocrx_word' id='word_1_353' title='bbox 776 4183 806 4226; x_wconf 92' lang='lat' dir='ltr'><strong>ut</strong></span> <span class='ocrx_word' id='word_1_354' title='bbox 819 4148 913 4244; x_wconf 81' lang='lat' dir='ltr'><strong>tibrum</strong></span> <span class='ocrx_word' id='word_1_355' title='bbox 931 4176 1040 4246; x_wconf 81' lang='lat' dir='ltr'><strong>etratdaeo</strong></span> <span class='ocrx_word' id='word_1_356' title='bbox 1057 4190 1175 4229; x_wconf 88' lang='lat' dir='ltr'><strong>sermone</strong></span> <span class='ocrx_word' id='word_1_357' title='bbox 1190 4181 1302 4230; x_wconf 87' lang='lat' dir='ltr'><strong>conseri·</strong></span> 
     </span>
     <span class='ocr_line' id='line_1_40' title="bbox 163 4259 673 4331; baseline -0.02 -16"><span class='ocrx_word' id='word_1_358' title='bbox 163 4272 245 4331; x_wconf 89' lang='lat' dir='ltr'><strong>ptum</strong></span> <span class='ocrx_word' id='word_1_359' title='bbox 259 4260 293 4311; x_wconf 89' lang='lat' dir='ltr'><strong>ad</strong></span> <span class='ocrx_word' id='word_1_360' title='bbox 304 4259 412 4310; x_wconf 86' lang='lat' dir='ltr'><strong>tatinum</strong></span> <span class='ocrx_word' id='word_1_361' title='bbox 427 4260 522 4323; x_wconf 75' lang='lat' dir='ltr'><strong>stylum</strong></span> <span class='ocrx_word' id='word_1_362' title='bbox 537 4259 644 4309; x_wconf 85' lang='lat' dir='ltr'><strong>traham.</strong></span> <span class='ocrx_word' id='word_1_363' title='bbox 662 4275 673 4305; x_wconf 73' lang='lat' dir='ltr'><strong>s</strong></span> 
     </span>
     <span class='ocr_line' id='line_1_41' title="bbox 199 4337 1300 4419; baseline -0.004 -23"><span class='ocrx_word' id='word_1_364' title='bbox 199 4344 240 4412; x_wconf 68' lang='grc' dir='ltr'><strong>(Ξ)</strong></span> <span class='ocrx_word' id='word_1_365' title='bbox 264 4342 326 4393; x_wconf 77' lang='lat' dir='ltr'><strong>nac</strong></span> <span class='ocrx_word' id='word_1_366' title='bbox 341 4343 373 4394; x_wconf 80' lang='lat' dir='ltr'><strong>tte</strong></span> <span class='ocrx_word' id='word_1_367' title='bbox 388 4341 544 4394; x_wconf 82' lang='lat' dir='ltr'><strong>confectione</strong></span> <span class='ocrx_word' id='word_1_368' title='bbox 557 4355 610 4392; x_wconf 79' lang='lat' dir='ltr'><strong>sue</strong></span> <span class='ocrx_word' id='word_1_369' title='bbox 624 4340 798 4392; x_wconf 77' lang='lat' dir='ltr'><strong>translationis</strong></span> <span class='ocrx_word' id='word_1_370' title='bbox 808 4337 886 4390; x_wconf 84' lang='lat' dir='ltr'><strong>tradit</strong></span> <span class='ocrx_word' id='word_1_371' title='bbox 899 4338 925 4390; x_wconf 87' lang='lat' dir='ltr'><strong>S.</strong></span> <span class='ocrx_word' id='word_1_372' title='bbox 941 4339 1033 4392; x_wconf 83' lang='lat' dir='ltr'><strong>boetor</strong></span> <span class='ocrx_word' id='word_1_373' title='bbox 1051 4341 1142 4407; x_wconf 77' lang='lat' dir='ltr'><strong>(Proes.</strong></span> <span class='ocrx_word' id='word_1_374' title='bbox 1159 4344 1196 4419; x_wconf 81' lang='lat' dir='ltr'><strong>ta¹</strong></span> <span class='ocrx_word' id='word_1_375' title='bbox 1206 4342 1276 4407; x_wconf 86' lang='lat' dir='ltr'><strong>Tot.)</strong></span> <span class='ocrx_word' id='word_1_376' title='bbox 1291 4357 1300 4392; x_wconf 91' lang='lat'><em>:</em></span> 
     </span>
    </p>
   </div>
   <div class='ocr_carea' id='block_1_6' title="bbox 1135 4425 1155 4488">
    <p class='ocr_par' dir='ltr' id='par_1_9' title="bbox 1135 4425 1155 4488">
     <span class='ocr_line' id='line_1_42' title="bbox 1135 4425 1155 4488; baseline 0 0"><span class='ocrx_word' id='word_1_377' title='bbox 1135 4425 1155 4488; x_wconf 78' lang='lat' dir='ltr'><strong>t</strong></span> 
     </span>
    </p>
   </div>
   <div class='ocr_carea' id='block_1_7' title="bbox 0 0 1582 4964">
    <p class='ocr_par' dir='ltr' id='par_1_10' title="bbox 0 0 1582 4964">
     <span class='ocr_line' id='line_1_43' title="bbox 0 0 1582 4964; baseline 0 0"><span class='ocrx_word' id='word_1_378' title='bbox 0 0 1582 4964; x_wconf 95' lang='lat' dir='ltr'><strong> </strong></span> 
     </span>
    </p>
   </div>
  </div>
 </body>
</html>
