3166 4958
310 312 386 358 rsus
397 314 432 359 11.
450 311 543 358 orror
556 313 602 357 111.
622 311 660 356 nr
672 310 795 356 orrornr
808 313 843 357 rr
855 311 1012 360 sucroarr.
1029 317 1072 363 rr.
1086 316 1215 365 emron.
1248 295 1327 363 ’265

203 410 380 499 Evangelia
395 436 466 501 quae
481 413 524 479 ad
539 435 596 478 nos
609 423 833 498 pervenerunt.
852 414 1054 480 Ostendimus
1071 440 1109 481 ex
1125 416 1331 502 scriptoribus
1390 423 1392 426 ’

205 517 314 601 saeculi
337 519 367 580 ll
387 515 458 603 jam
481 517 543 581 hac
566 524 655 581 aetate
678 516 850 602 Evangelia
872 517 994 604 ubique
1016 520 1112 585 fuisse
1135 529 1273 605 recepta,
1299 519 1332 581 in

203 617 348 682 Ecclesia
360 620 519 699 Romana,
533 616 763 701 Alexandrina,
779 619 1005 703 Palaestinensi,
1020 621 1232 704 Antiocheno,
1247 621 1336 685 Asia-

202 720 284 803 tica,
298 721 463 795 Africana,
477 721 612 804 Gallica,
628 742 692 786 uno
707 721 819 803 verbo,
838 724 871 807 in
886 724 1035 789 universo
1052 725 1131 790 orbe
1146 725 1329 790 christiano.

251 824 305 888 to.
329 825 441 888 Merito
464 823 559 909 igitur
582 823 741 888 asserebat
770 824 922 909 Origenes
941 826 990 912 (l)
1017 850 1025 891 ε
1054 852 1068 886 r
1094 828 1141 890 Ex
1163 826 1331 891 traditione

208 927 318 1010 accepi
334 925 374 991 de
390 935 527 1012 quatuor
541 927 732 1012 Evangeliis,
754 948 820 1012 quoe
834 930 899 992 soto
914 931 946 992 in
961 932 1102 995 universo
1119 932 1178 993 Dei
1198 929 1331 994 Ecclesia

208 1027 340 1112 qnaesnb
359 1028 428 1092 coeio
450 1041 493 1092 est
516 1031 592 1092 citro
608 1032 839 1094 controversiam
859 1031 1060 1094 admittuntur
1070 1055 1085 1113 ,·
1105 1033 1245 1116 primum
1266 1033 1331 1096 sci-

207 1130 282 1193 lieet
298 1129 506 1214 Evangelium
519 1132 671 1215 scriptum
688 1152 786 1195 ossea
802 1133 961 1212 Matthoeo,
976 1135 1064 1217 prius
1078 1134 1207 1220 quidem
1225 1133 1332 1219 puhli-

209 1252 302 1313 oano,
324 1240 434 1316 postea
453 1253 529 1296 vero
552 1233 704 1317 Apostolo
732 1233 807 1296 Jesu
826 1233 963 1317 Christi,
997 1236 1052 1319 qui
1075 1233 1154 1299 illud
1178 1235 1331 1299 hebraico

164 1373 167 1377 ·
207 1355 355 1399 sermone
378 1335 613 1420 conscriptum,
637 1334 754 1400 Jndaeis
776 1335 819 1400 ad
841 1335 938 1400 fidem
962 1339 1121 1402 conversis
1144 1337 1329 1423 publicavit.

207 1435 392 1500 Secundum
416 1437 512 1501 fuisse
536 1439 719 1522 accepimus
742 1439 951 1524 Evangelium
976 1440 1097 1522 Marci,
1127 1441 1205 1526 qui,
1236 1450 1333 1524 prout

207 1541 321 1603 Petrus
338 1540 396 1624 ipsi
414 1549 614 1624 exposuerat,
638 1542 672 1604 in
696 1542 807 1605 litteris
827 1543 944 1605 retulit.
963 1544 1102 1606 Tertium
1122 1544 1332 1628 Erangelium

207 1643 313 1725 Luoae,
328 1642 449 1730 quoda
471 1645 571 1708 Paulo
591 1643 845 1727 commendatur,
859 1646 893 1708 in
910 1647 1046 1729 gratiam
1062 1646 1233 1712 Gentilium
1251 1668 1332 1711 con-

208 1746 373 1830 scriptum.
392 1747 592 1811 Postremum
608 1768 684 1811 vero
703 1747 912 1832 Evangelium
932 1748 1073 1812 loannis.
1097 1775 1112 1809 a
1130 1751 1241 1813 Merito
1259 1758 1332 1813 ante

208 1849 380 1934 Origenem
392 1859 571 1936 asseruerat
582 1850 792 1913 Tertullianus
804 1851 859 1914 illa
876 1859 1013 1936 quatuor
1025 1852 1196 1936 Evangelia
1212 1852 1333 1939 ubique
1365 1911 1372 1925 ,

208 1942 252 2015 ἰὴ
268 1951 406 2016 ecelesiis
425 1951 605 2035 apostolicis
633 1951 699 2014 sola
727 1953 848 2036 recipi3
878 1953 992 2016 merito
1010 1952 1042 2014 S.
1060 1953 1199 2017 lustinus
1224 1976 1332 2018 coram

208 2055 342 2140 paganis
364 2051 560 2137 predicabat
581 2052 636 2116 illa
660 2050 773 2116 eadem
797 2052 969 2137 Evangelia
996 2054 1124 2137 publice
1146 2056 1178 2117 in
1202 2055 1333 2119 cotibus

209 2156 454 2233 christianorum
478 2156 604 2220 recitari
628 2155 840 2242 eamdemque
869 2157 1088 2220 auctoritatem
1113 2178 1186 2221 cum
1210 2158 1333 2241 scriptis

209 2258 325 2324 divinis
347 2260 581 2343 Prophetarum
613 2257 781 2342 obtinere,
818 2260 931 2323 merito
961 2257 1100 2346 denique
1134 2260 1166 2323 S.
1193 2262 1331 2322 lrenaeus

210 2362 392 2427 affirmabat
414 2363 586 2446 Evangelia
610 2360 684 2425 fidei
707 2383 773 2426 esse
792 2364 956 2426 columnas
972 2373 1068 2448 atque
1086 2361 1330 2426 fundamentum

209 2475 370 2552 tantaeque
397 2487 465 2529 esse
488 2464 667 2548 firmitatis,
692 2475 728 2528 ut
750 2474 780 2528 et
803 2467 862 2550 ipsi
885 2466 1024 2530 haeretici
1048 2468 1261 2531 testimonium
1291 2467 1335 2529 eis

209 2567 398 2652 redderent,
421 2577 453 2632 et
477 2589 516 2632 ox
539 2568 582 2632 eis
601 2568 768 2653 egrediens
791 2571 1010 2656 unusquisque
1031 2592 1141 2634 eorum
1166 2580 1336 2635 conaretur
1371 2602 1386 2624 ·

211 2671 326 2736 exinde
344 2693 434 2736 suam
452 2671 581 2736 firmare
599 2670 789 2736 doctrinam.

257 2774 310 2838 41.
332 2776 516 2838 Testimonio
538 2773 743 2837 hereticorum
761 2774 820 2858 (ἓ).
843 2774 894 2837 Ab
912 2775 999 2838 initio
1016 2791 1117 2860 nsque
1135 2774 1177 2838 nd
1192 2775 1335 2839 mediam

150 2886 153 2891 ’
211 2885 335 2961 partem
360 2875 465 2938 saeculi
487 2876 517 2938 ll
542 2876 649 2959 plures
668 2874 856 2959 prodierunt
868 2875 1099 2940 'hoereticorum
1118 2885 1220 2958 sectae,
1239 2878 1335 2961 vulgo

211 2978 378 3060 Gnosticae,
399 2999 481 3063 quoe,
501 2977 556 3041 etsi
573 2985 704 3041 autnon
718 2979 825 3041 omnia
842 2977 1014 3062 Evangelia
1031 2980 1209 3063 receperint
1228 2987 1283 3042 aut
1298 3000 1335 3043 ea

211 3082 275 3145 alia
292 3091 388 3166 atque
401 3081 522 3143 ratione
536 3101 622 3144 nunc
633 3077 794 3161 addendo,
809 3100 894 3142 nunc
906 3076 1092 3158 minuendo,
1107 3099 1192 3142 nunc
1208 3100 1335 3142 sensum

211 3180 423 3265 immutando,
436 3182 657 3267 perverterint,
669 3191 775 3246 tamen
789 3183 850 3245 hac
867 3202 923 3244 sua
942 3180 1058 3266 agendi
1073 3183 1195 3246 ratione
1213 3182 1336 3267 proba-

211 3296 287 3350 runt
306 3286 477 3370 Evengelia
495 3283 646 3348 adfinem
662 3285 756 3369 primi
778 3285 882 3348 saeculi
894 3283 964 3370 jam
986 3286 1136 3348 exstitisse
1158 3294 1188 3348 et
1207 3286 1336 3370 originis

212 3411 280 3454 esse
298 3389 489 3473 apostolicae.
507 3386 665 3472 Equidem
686 3388 848 3472 perierunt
863 3389 1017 3472 pleraque
1037 3388 1153 3451 horum
1170 3389 1336 3453 hoeretico-

210 3513 285 3556 rum
308 3513 423 3576 0pera3
445 3512 483 3554 ex
505 3490 541 3553 iis
566 3500 671 3553 autem
693 3511 763 3576 quae
788 3491 878 3554 nobis
896 3499 1019 3555 servata
1044 3492 1176 3556 suntab
1202 3493 1334 3573 Irenaeo,

212 3595 417 3674 Tertulliano,
432 3593 611 3677 Epiphanio
632 3592 764 3677 aliisque
790 3594 995 3678 scriptoribus
1012 3596 1067 3680 qui
1085 3617 1139 3659 eos
1162 3596 1336 3680 impugna-

211 3705 287 3758 runt
300 3695 429 3758 asscrtio
447 3705 555 3761 nostra
571 3693 700 3758 abunde
717 3695 871 3758 firmatur.

256 3799 309 3861 42.
339 3797 560 3861 Valentiniani.
581 3799 654 3862 Post
678 3799 839 3862 Ebionitas
859 3809 889 3862 et
908 3799 1137 3880 CerintlrianoS,
1159 3797 1199 3861 de
1221 3796 1337 3883 quihus

211 3910 285 3966 ante
298 3899 447 3984 diximus,
463 3901 567 3984 primo
580 3901 651 3965 loco
673 3911 843 3966 occurrunt
860 3901 1011 3983 Gnostici,
1032 3921 1168 3986 quorum
1185 3900 1336 3984 praecipui

246 4170 282 4232 (l)
293 4171 339 4232 lp.
356 4169 448 4220 Euseb.
465 4169 532 4219 lltst.
548 4167 618 4220 Ecct.
636 4167 676 4228 Vl,
693 4165 732 4218 25.

247 4252 284 4315 (2)
295 4252 333 4305 ua.
344 4252 416 4303 docte
426 4253 601 4316 expenderunt
614 4251 739 4311 Demaret,
752 4252 799 4302 loc.
815 4253 858 4301 cit.
872 4265 897 4314 p.
914 4251 1034 4315 titt-1883
1048 4250 1219 4314 Tischendort,
1232 4253 1280 4304 loc.
1292 4253 1337 4304 cit.

214 4352 240 4402 p.
253 4334 343 4386 42-75.
