3168 4948
316 301 391 343 raas
403 300 438 343 ιι.
454 301 546 343 assor
559 301 607 343 111.
627 301 665 342 oa
681 299 804 343 omanus
816 300 851 343 ar
864 301 1022 346 sueromr.
1039 304 1082 345 ιι.
1098 303 1226 350 evaneo.
1275 291 1334 353 271

212 410 319 466 netem
343 401 489 485 apprime
506 398 752 485 cognoscebant,
771 400 934 484 regionem
951 409 1056 465 autem
1073 401 1190 467 Judaeae
1206 428 1269 470 non
1286 410 1337 471 vi-

212 501 336 567 derant.
348 502 385 565 Et
396 522 508 569 revera
520 502 635 565 scimus
649 502 747 565 Marci
759 503 968 586 Evangelium
981 503 1134 566 Romanis
1147 502 1338 573 destinatum

211 605 320 670 luisse.
338 605 483 690 Denique
494 604 634 689 cognitio
647 603 803 668 librorum
818 603 933 667 veteris
948 604 1138 669 Testamenti
1150 629 1249 692 qnam
1261 632 1337 694 pro-

212 706 292 773 dunt
319 707 526 792 Evangelistae
557 708 702 792 apprime
737 705 875 792 quadrat
901 708 934 770 in
947 708 1155 792 ,Mattbaum,
1180 712 1335 796 Marcum,

211 811 331 876 Lucam
347 818 377 874 et
392 808 561 873 loannem.

256 913 309 976 51.
328 912 456 976 Materia
484 912 729 996 Evangeliorum
754 933 844 997 teque
872 912 954 978 bene
981 912 1119 999 quadrat
1140 916 1172 979 in
1192 926 1337 981 auctores

213 1036 294 1101 quos
307 1015 487 1100 Evangeliis
499 1016 707 1100 assignamus.
728 1015 806 1096 Quae
820 1017 906 1079 enim
922 1017 955 1080 in
971 1017 1149 1103 Evangeliis
1161 1017 1203 1082 de
1215 1019 1337 1083 Christo

116 1190 121 1197 ⁴
212 1118 395 1183 referuntur
406 1115 549 1181 indicant
561 1127 718 1199 auctores,
738 1118 792 1204 qui
808 1139 882 1182 cum
896 1118 1018 1183 Christo
1036 1120 1181 1184 vixerunt
1196 1130 1250 1184 aut
1268 1123 1337 1184 sal-

212 1230 277 1285 tem
289 1219 333 1284 ah
345 1217 413 1305 ejus
426 1217 588 1305 discipulis
601 1220 730 1284 fuerunt
745 1218 860 1287 edocti.
881 1221 1038 1285 Referunt
1053 1224 1139 1289 enirn
1154 1223 1267 1289 Christi
1286 1245 1337 1287 rcs

212 1331 316 1408 gestas
334 1321 538 1408 prolatosque
563 1343 741 1405 sermones,
756 1323 872 1386 notatis
891 1324 1020 1387 minutis
1045 1324 1287 1407 circumstantiis
1306 1335 1338 1388 et

210 1418 349 1489 'recitatis
365 1425 501 1509 propriis
521 1425 590 1510 ejus
611 1424 726 1489 verbis.
749 1426 849 1491 Porro
865 1426 933 1490 haee
944 1425 1114 1491 referendo
1127 1427 1171 1490 ita
1188 1438 1336 1491 accurate

212 1529 388 1613 loquuntur
418 1527 624 1611 Evangelistae
646 1527 687 1592 de
719 1537 800 1592 statu
823 1527 941 1592 tudae
965 1538 1109 1614 tempore
1131 1529 1269 1601 Christi.
1295 1529 1337 1594 dc

212 1631 348 1696 monetis
370 1638 446 1694 tunc
467 1630 599 1712 usialis,
621 1629 776 1695 derebus
798 1628 841 1694 ad
861 1632 1089 1716 geographiam
1108 1632 1334 1716 spectantibus,

212 1742 248 1797 ut
259 1733 463 1799 manifestum
480 1734 521 1796 sit
541 1755 594 1797 eos
611 1755 675 1799 non
690 1734 850 1819 scripsisse
871 1734 985 1797 saeculo
1002 1733 1142 1801 secundo
1158 1744 1213 1798 aut
1231 1736 1334 1816 tertio,

213 1835 301 1921 quod
317 1835 479 1900 somniant
493 1837 677 1921 mythologi.

255 1937 309 2002 hh.
324 1937 470 2003 Produnt
482 1937 568 2003 enim
580 1939 786 2024 Evangelistae
803 1940 1036 2003 exactissimam
1051 1941 1213 2005 notionem
1227 1962 1336 2005 rerum

211 2039 431 2125 Judaiearum,
447 2043 557 2127 quales
575 2042 742 2106 exstabant
762 2052 906 2127 tempore
919 2043 1047 2108 Christi.
1061 2043 1112 2107 Sic
1126 2064 1336 2129 quacumque

212 2144 395 2208 referuntur
409 2142 449 2208 de
468 2144 714 2229 imperatoribus
727 2146 888 2228 romanis,
898 2145 1018 2209 Caesare
1034 2145 1175 2230 Augrrsto
1192 2155 1223 2211 et
1240 2146 1337 2211 Tibe-

212 2248 272 2329 rio,
289 2246 330 2311 de
347 2247 470 2313 lamilia
484 2247 632 2330 Herodis,
646 2269 762 2334 nempe
777 2247 819 2312 dh
836 2247 963 2314 Herode
975 2249 1104 2334 Magno,
1121 2247 1162 2314 de
1176 2233 1335 2314 Archelao

212 2346 341 2432 tudae,
360 2347 400 2413 de
423 2349 546 2435 Antipa
558 2349 707 2433 Guttae,
724 2348 764 2414 dc
784 2349 937 2435 Philippo
949 2351 1071 2414 Ituraeae
1093 2352 1272 2436 preposito,
1295 2350 1336 2415 de

212 2451 325 2514 Pontio
343 2451 446 2516 Pilato
461 2453 682 2517 Romanorum
703 2453 734 2516 in
754 2451 865 2517 Judaea
885 2463 1102 2538 procura-tore,
1125 2452 1165 2517 de
1182 2463 1336 2538 potestate

212 2551 365 2638 Synedrio
380 2555 494 2619 relicta
511 2553 721 2641 cognoscendi
741 2553 782 2619 de
802 2557 904 2621 causis
917 2555 1130 2640 gravioribus,
1147 2578 1211 2622 non
1227 2566 1337 2621 tamen

212 2655 374 2742 infligendi
389 2678 525 2742 poersam
534 2659 664 2741 mortis,
675 2656 715 2722 de
732 2657 881 2723 confluxu
896 2659 1067 2722 bominum·
1079 2656 1121 2722 ad
1141 2659 1221 2723 festa
1238 2659 1335 2724 lero-

213 2761 340 2845 solymis
357 2759 568 2845 celebranda,
580 2759 621 2825 de
646 2762 829 2847 synagogis,
847 2760 886 2825 de
911 2761 1079 2825 Pharisaeis
1099 2770 1130 2824 et
1152 2760 1335 2826 Sadducaeis

212 2883 388 2948 eorumque
404 2862 547 2926 moribus
562 2870 592 2926 et
606 2862 741 2948 placitis,
756 2861 796 2925 de
814 2860 887 2926 odio
904 2863 986 2925 inter
1001 2860 1128 2925 Judaeos
1144 2871 1176 2925 et
1194 2862 1334 2926 Samari-

212 2974 303 3029 tanos
320 2965 491 3048 existente,
509 2964 550 3029 de
569 2966 787 3051 expectatione
811 2966 930 3028 Messias
952 2973 984 3027 et
1001 2965 1134 3028 terrenis
1149 2962 1333 3028 ludaeorum

211 3066 253 3130 de
269 3066 339 3152 ejus
353 3087 461 3152 regno
470 3067 684 3152 opinionibus,
704 3068 771 3132 haec
790 3069 897 3131 omnia
915 3065 1122 3148 adamussim,
1142 3067 1335 3130 conveniunt

211 3192 285 3234 cum
308 3171 345 3234 iis
363 3192 434 3257 quae
452 3169 620 3235 traduntur
643 3193 662 3235 a
684 3171 823 3256 losepho
847 3180 878 3234 et
900 3170 1033 3234 Philone
1051 3179 1082 3233 ct
1099 3169 1230 3254 paganis
1252 3171 1334 3234 scri-

210 3272 372 3357 ptoribus,
401 3274 550 3360 quamvis
576 3274 783 3359 Evangelistae
812 3272 962 3337 dehisce
986 3270 1270 3356 rebusnunquam
1295 3294 1333 3335 cx

210 3375 372 3460 proposito
393 3385 499 3460 agant,
518 3375 575 3440 sed
594 3377 698 3462 potins
715 3376 806 3462 quasi
826 3376 971 3458 fortuito,
985 3375 1150 3439 occasione
1170 3375 1263 3438 unius
1279 3385 1334 3439 aut

210 3478 340 3541 alterius
354 3477 467 3542 Christi
484 3480 616 3543 actionis
635 3479 685 3542 vel
701 3477 787 3544 dicti.

254 3578 307 3642 53.
333 3578 383 3643 Ob
411 3579 564 3666 frequens
591 3601 664 3644 cum
693 3581 846 3645 Romanis
869 3581 1109 3661 commercium,
1134 3578 1235 3644 Judaei
1258 3589 1333 3645 tunc

210 3679 363 3764 temporis
386 3680 506 3764 usibus,
532 3703 612 3767 quos
635 3702 654 3745 a
676 3679 792 3747 Graecis
815 3691 1016 3766 acceperant,
1036 3681 1114 3744 alios
1138 3702 1157 3742 a
1180 3681 1333 3745 Romanis

209 3791 359 3867 acceptos
371 3782 614 3870 conjunxerant.
635 3784 686 3848 Sic
701 3785 733 3847 in
750 3805 809 3847 usu
827 3793 896 3847 erat
913 3783 1028 3868 triplex
1043 3792 1170 3846 moneta
1186 3780 1329 3866 judaica,

208 3905 312 3970 graeca
326 3895 357 3949 et
375 3907 521 3951 romana.
536 3886 710 3972 Vectigalia
728 3896 802 3951 ante
814 3889 1035 3951 Romanorum
1051 3883 1250 3948 dominatum
1267 3885 1332 3946 im-

207 3988 310 4072 posita
333 4008 435 4074 greca
463 4000 592 4055 moneta
620 3988 858 4054 aestimabantur
879 3988 941 4073 (l).
958 3988 1034 4051 Haec
1055 3987 1162 4051 omnia
1184 3996 1332 4050 accurato

209 4089 380 4156 observant
396 4092 614 4180 Evangelistoe.
631 4092 684 4157 Sic
707 4090 793 4157 dona
815 4092 935 4178 templo
958 4090 1065 4157 oblata
1086 4111 1187 4178 graeca
1204 4097 1332 4154 moneta

244 4326 281 4391 (l)
291 4325 357 4377 lter.
371 4325 483 4392 loseph,
498 4326 534 4378 De
546 4324 736 4390 telloneus.
