3134 4934
339 306 415 350 rsus
429 307 464 351 11.
483 305 577 349 curer
592 304 635 349 vt.
650 305 694 364 nn,
705 303 817 351 sarran
828 303 977 349 urrsrotrs
992 304 1177 349 mruotrors.
1267 285 1332 350 587

197 406 331 473 ecelesia
349 406 477 491 Syriaca
490 403 525 468 S.
539 403 735 489 rEphramns
748 402 808 488 (l).
829 405 929 468 Recte
950 403 1045 488 igitur
1069 405 1240 467 concilium
1257 405 1330 468 Tri-

196 507 364 577 dentiuum
389 506 532 572 definivit
549 505 723 605 secundam
749 506 834 569 Petri
850 506 1025 592 Epistulam
1041 507 1211 591 Scripturis
1235 508 1333 572 sacris

198 606 478 680 annumerandam
495 627 574 671 esse.

439 824 497 888 ΙΙΙ.
522 825 569 886 De
593 821 687 887 tribus
710 823 744 886 S.
769 822 901 887 loannis
923 822 1082 908 Epistolit.

127 1008 208 1167 y
243 1047 274 1111 l.
292 1046 527 1131 Arpumentum.
548 1044 584 1106 In
597 1042 701 1128 prima
717 1042 858 1128 Epistola
877 1026 1048 1128 Apostolus
1064 1044 1198 1110 adstruit
1216 1047 1330 1112 Christi

198 1148 396 1214 divinitatem
413 1147 704 1232 incarnationisque
717 1148 901 1232 mysterium
915 1156 946 1211 et
960 1145 1071 1211 fideles
1084 1148 1125 1212 ad
1142 1150 1330 1215 charitatem

197 1256 231 1318 in
244 1250 347 1316 Deum
368 1260 399 1314 et
414 1252 597 1336 proximum
611 1250 768 1313 hortatur.
786 1251 895 1313 Primo
912 1259 1023 1314 testem
1044 1272 1077 1314 se
1095 1251 1216 1338 praebet
1227 1275 1328 1338 appa-

197 1355 320 1420 ritionis
335 1353 406 1418 Filii
426 1353 484 1417 Dei
501 1354 534 1416 in
552 1362 641 1416 turra.
651 1376 667 1434 3„
680 1351 784 1416 dooot·
797 1372 909 1415 omues
932 1374 952 1416 a
968 1353 1106 1437 peccatis
1123 1376 1182 1439 per
1202 1355 1328 1439 Christi,

198 1461 256 1524 Dei
283 1459 352 1543 filii,
385 1457 578 1543 sanguinem»
604 1455 760 1521 mundari
786 1456 839 1544 (l),
863 1457 1021 1522 Christum
1046 1479 1114 1522 esse
1138 1458 1329 1523 advocatum

199 1571 344 1626 nostrum
356 1559 443 1645 apud
459 1561 594 1624 Putrem
605 1568 702 1645 atque
717 1559 976 1643 propitiationem
994 1581 1053 1643 pro
1069 1561 1206 1644 peccatis
1221 1585 1229 1643 3
1250 1561 1330 1624 hor-

199 1674 284 1729 tatur
311 1662 353 1727 ad
377 1672 522 1726 mutuam
542 1660 759 1743 dilectionem,
784 1660 825 1725 ad
850 1660 1020 1746 fugiendos
1041 1662 1251 1746 antichristos,
1274 1664 1330 1748 qui

198 1767 311 1832 Christi
331 1764 529 1829 divinitatem
548 1762 755 1848 negantffl),
774 1765 874 1827 Docet
887 1764 946 1826 hos
966 1785 1033 1827 esse
1050 1785 1108 1849 per
1123 1763 1329 1850 adoptionem

198 1871 255 1934 Dei
276 1868 358 1933 filios
381 1869 437 1954 qui
459 1865 611 1932 mandata
632 1865 835 1931 observando
858 1864 953 1951 juste
966 1866 1079 1930 vivunt
1096 1875 1128 1930 et
1146 1869 1329 1952 proximum

197 1974 335 2059 diligunt
350 1973 435 2058 (ΙΙΙ).
453 1974 602 2036 Declarat
617 1973 687 2036 illos
708 1993 751 2036 ex
763 1973 831 2036 Deo
847 1993 915 2035 esse
936 1973 991 2056 qui
1007 1971 1120 2036 Christi
1133 1974 1329 2037 incarnatio·

199 2100 273 2142 nem
291 2077 492 2159 confitentur,
512 2078 566 2162 qui
583 2098 660 2140 vero
679 2096 755 2140 eant
770 2084 889 2160 negant
909 2073 952 2138 ad
967 2073 1135 2138 diabolum
1155 2059 1325 2159 pertinere.

199 2184 321 2247 Rursus
349 2181 495 2244 hortatur
523 2179 564 2243 ad
589 2178 796 2243 dilectionem
818 2177 876 2241 Dei
900 2187 931 2240 et
953 2175 1113 2262 proximi,
1138 2180 1329 2261 praclarum

201 2284 392 2367 interserens
409 2281 626 2345 testimonium
644 2279 685 2343 de
702 2280 855 2347 Trinitate,
867 2277 1001 2363 (tv-v).

269 2372 334 2451 stn
357 2382 497 2448 secunda
515 2383 654 2468 Epistola
678 2383 819 2446 loannes
841 2384 984 2446 Electum
1007 2380 1172 2445 dominam
1196 2381 1330 2468 ejusque

201 2497 290 2552 natos
306 2486 521 2550 confirmatio
537 2486 690 2549 charitate
703 2506 741 2549 ac
757 2483 1045 2568 iidehortaturque
1062 2492 1097 2547 ut
1115 2485 1327 2568 antichristos,

93 2652 95 2654 ,
201 2615 256 2657 seu
269 2591 432 2655 haereticos
445 2610 484 2653 ac
504 2609 614 2652 eorum
630 2587 809 2652 doctrinam
824 2588 942 2652 evitent
956 2595 986 2650 et
1002 2585 1064 2649 illis
1080 2585 1254 2672 nequidem
1270 2607 1330 2651 ave

199 2692 318 2759 dicant.

191 2797 274 2865 5.
297 2798 335 2859 In
355 2797 447 2859 tertia
468 2793 607 2880 denique
629 2794 770 2880 Epistola
794 2792 909 2858 Gaium
934 2815 1130 2880 magnopere
1152 2792 1259 2857 laudat
1286 2791 1330 2856 ob

38 2868 189 3044 s(
199 2899 361 2984 religionis
372 2906 469 2983 atque
485 2898 707 2982 hospitalitatis
721 2898 753 2960 in
767 2899 952 2982 peregrinos
965 2896 1104 2961 studium
1118 2897 1330 2980 hortaturque

199 3009 233 3063 ut
251 3008 445 3084 perseveret,
467 3000 649 3088 Itiotrephis
668 2999 836 3062 calumniis
858 3021 896 3063 ac
913 3000 1143 3063 inhumanitate
1164 2997 1326 3081 neglectis.

242 3104 274 3166 4.
300 3105 413 3175 horus,
439 3114 567 3186 tempus,
591 3122 729 3186 personae
751 3101 857 3186 quibus
886 3106 1005 3186 scripta
1030 3102 1147 3186 fiterint
1169 3098 1327 3185 Epistola.

200 3207 300 3290 Locus
319 3216 509 3290 tempusque
523 3207 644 3269 ineerta
663 3214 746 3271 sunt.
766 3205 910 3269 Fortasse
933 3206 1035 3291 prima
1056 3205 1195 3291 Epistola
1214 3202 1329 3267 eodem

199 3319 344 3393 ternpore
367 3330 431 3393 quo
457 3308 666 3393 Evangelinm
690 3329 709 3371 a
740 3307 864 3371 Joanne
888 3301 1009 3392 scripta
1029 3308 1136 3371 luerit.
1167 3308 1328 3370 Incertum

198 3413 318 3496 pariter
334 3420 380 3473 est
395 3405 525 3474 cuinam
546 3411 687 3475 ecelesiae
703 3411 804 3494 prima
824 3411 964 3496 Epistola
982 3410 1137 3475 destinata
1156 3411 1252 3474 luerit
1266 3409 1327 3496 (2)

199 3511 347 3577 Secunda
371 3533 447 3576 vero
465 3513 648 3576 inscribitur
669 3536 677 3575 :
696 3513 807 3576 Senior
825 3512 935 3577 Eleotoe
959 3515 1088 3578 dominu
1107 3525 1134 3577 et
1154 3516 1233 3577 notis
1252 3515 1330 3598 ejus,

200 3639 274 3702 quos
290 3638 342 3701 epo
370 3615 463 3700 dihpo
488 3619 676 3680 itt-ueritate.
698 3616 799 3679 Fuere
820 3618 1018 3703 errantiquis
1035 3618 1090 3703 qui
1108 3615 1251 3680 dicerent
1272 3638 1331 3700 per

231 3835 266 3900 (t)
282 3836 308 3886 S.
325 3834 467 3886 Methodius
483 3848 523 3896 ap.
542 3832 634 3896 Epiph.
653 3833 723 3885 Hoer.
746 3834 786 3896 aa,
804 3836 845 3897 51;
865 3835 891 3885 S,
904 3834 1039 3897 Epiphan,
1050 3836 1123 3881 ‘Hor
1139 3831 1180 3892 66,
1196 3831 1235 3890 6t;
1255 3831 1331 3883 Titus
1366 3848 1370 3854 ·

196 3918 293 3978 Busta,
306 3917 336 3966 ln
351 3931 418 3966 rant.
432 3917 549 3981 palmer.
561 3916 604 3974 l.;
619 3917 645 3966 S.
661 3916 748 3977 liare,
764 3917 867 3967 Potrot
886 3930 927 3981 pr.
944 3915 1049 3975 xxxw,
1064 3914 1123 3975 959,
1135 3913 1194 3976 aaa
1211 3913 1332 3976 Didymus

200 3998 300 4049 Putrot.
316 4012 358 4064 qr.
374 3999 431 4058 5553
448 3999 475 4049 S.
488 3996 572 4059 lsatas,
587 3997 687 4048 Potrot.
706 4011 748 4062 pr.
761 3998 813 4058 XL,
827 3997 901 4058 noa
914 3997 1023 4059 Cyritlus
1037 3997 1087 4056 st,
1102 3995 1244 4046 Cootment.
1259 3995 1287 4044 in
1303 3995 1332 4044 ll

200 4079 284 4139 Prtr.,·
300 4079 327 4129 S.
346 4079 496 4142 prraemus
517 4093 557 4141 ap.
578 4078 702 4141 Guntner,
721 4079 821 4130 latrent.
838 4092 863 4142 p.
884 4079 940 4129 516.
962 4078 1099 4128 Deficiebat
1115 4083 1199 4127 umen
1222 4076 1330 4128 secunde

199 4160 270 4212 Petri
282 4161 437 4211 inversione
449 4160 575 4211 Pesehito.

232 4242 267 4308 (6)
281 4242 308 4292 ln
327 4243 479 4306 quibusdam
497 4240 627 4292 codicibus
639 4242 723 4294 latinis
741 4250 767 4294 et
781 4243 848 4305 apud
866 4241 1038 4306 Augustinum
1050 4257 1079 4293 ae
1094 4243 1272 4294 cassiodorum
1289 4242 1330 4292 in-

199 4324 322 4376 scribitur
335 4325 371 4375 od
389 4324 511 4375 Parthos.
522 4322 573 4374 Sed
584 4322 625 4374 itta
637 4324 769 4389 inscriptio
780 4325 871 4376 merito
881 4325 958 4376 dubia
969 4326 1086 4377 babetur.
