3168 4948
239 267 302 331 292
469 285 669 329 mruooucrro
685 285 832 328 srucmurs
846 286 879 329 m
899 287 924 333 s.
944 287 1143 332 semrrunau.

237 393 343 449 mente
358 382 489 469 quidem
507 383 587 466 sani,
606 382 749 447 sensibus
767 392 874 447 autem
894 385 1020 470 integri.
1040 384 1133 466 Quod
1152 396 1259 452 autem
1280 385 1365 452 falsa

235 488 355 553 Messiae
367 484 438 551 idea
451 486 573 559 istiviri
586 486 725 550 illiterati
739 483 842 548 delusi
858 486 988 569 fuerint,
1011 488 1086 572 boc,
1108 489 1230 552 etiamsi
1250 510 1365 554 verum

236 591 331 673 foret,
355 611 420 654 non
443 587 612 674 impediret
629 588 800 673 quominus
819 588 964 672 Apostoli
988 598 1073 655 recte
1093 591 1157 654 suis
1179 590 1309 657 videndi
1332 602 1367 658 et

235 690 387 756 audiendi
403 690 545 755 sensibus
562 692 609 755 usi
628 691 700 754 sint.
723 688 869 754 Ceterum
890 690 1109 776 Evangelistae,
1135 692 1254 758 nedum
1270 693 1367 780 juxta

235 814 560 863 suorumcoaevorum
577 801 814 878 praecouoeptas
828 794 993 878 opiniones
1003 796 1150 860 Messium
1163 795 1368 883 depinxerint

234 919 359 962 summe
378 897 521 982 divitem,
540 898 714 983 gloriosum
732 905 763 959 et
782 904 957 980 potentem3
977 918 1051 961 eum
1070 919 1087 962 e
1110 910 1220 976 contra
1238 923 1367 986 paupe-

236 1024 318 1086 rem,
338 1002 494 1067 humilem
512 1010 543 1065 et
562 999 725 1086 abjectum
743 990 960 1065 ostenderunt.
980 1003 1080 1066 Recte
1097 1003 1204 1090 itaque
1223 1005 1367 1070 asserui-
1454 991 1464 1002 ⁹

234 1124 306 1167 mus
327 1102 537 1188 Euangelistas
553 1123 615 1166 uon
628 1102 724 1188 fuisse
738 1101 884 1186 deceptos.

378 1336 411 1398 2.
435 1333 524 1398 Alios
544 1334 678 1428 decipere
695 1332 938 1409 soluerentur
951 1338 1064 1401 sinceri
1076 1337 1212 1421 suerunt.

199 1608 203 1619 ι
278 1570 309 1634 8.
324 1569 425 1632 Nemo
438 1564 578 1631 mendax
590 1565 648 1629 nisi
661 1567 827 1651 probetur.
836 1567 1044 1655 Evangelistae
1057 1577 1165 1632 autem
1178 1591 1242 1633 non
1255 1570 1363 1636 solum

233 1672 356 1737 fraudis
369 1671 514 1737 convinci
528 1679 702 1754 nequeunt,
718 1669 773 1734 scd
786 1672 974 1756 multiplicia
991 1671 1134 1757 praebent
1146 1692 1277 1735 summae
1291 1675 1363 1738 sin-

234 1777 371 1841 ceritatis
389 1781 589 1860 argumenta.
610 1772 682 1835 Sive
701 1774 785 1837 enim
802 1775 1076 1860 Evangelistarum
1092 1795 1274 1859 personam,
1294 1777 1365 1841 sive

232 1878 478 1962 Evangeliorum
490 1875 606 1960 stylum
621 1885 652 1938 et
664 1886 889 1959 argumentum
906 1875 1097 1954 consideres,
1115 1876 1234 1963 ubique
1253 1880 1358 1943 elucet

231 2003 357 2046 summa
371 1980 536 2045 veracitas.

275 2085 306 2147 9.
325 2083 532 2167 Evangelistae
548 2083 633 2146 enim
654 2082 799 2146 homines
816 2090 888 2144 sunt
905 2081 1064 2165 simplices
1080 2091 1111 2144 et
1128 2080 1270 2167 ingenui,
1289 2083 1354 2147 vita

230 2197 262 2252 et
282 2185 425 2251 moribus
444 2187 650 2270 integerrimi,
677 2186 732 2271 qui
753 2207 811 2250 nec
831 2185 925 2248 famae
944 2182 1104 2268 cupidine,
1120 2207 1180 2249 nee
1192 2184 1355 2249 bonorum

230 2289 417 2370 ambitione,
436 2308 496 2351 nec
513 2286 695 2351 divitiarum
715 2287 869 2372 appetitu,
888 2308 947 2350 nee
965 2308 1020 2370 spe
1042 2286 1146 2370 lucri,
1168 2309 1228 2351 uec
1245 2288 1356 2371 glorire
1403 2286 1410 2296 ’

231 2376 335 2457 studio
359 2390 529 2454 ducuntur.
550 2390 612 2470 Qui
633 2389 813 2475 deceptioni
831 2389 999 2471 allaborat,
1021 2387 1062 2452 ad
1080 2388 1228 2454 fraudem
1246 2391 1356 2476 aliquo

232 2497 353 2561 motivo
365 2493 472 2558 induci
489 2492 595 2557 debet.
614 2493 711 2579 Atqui
728 2493 807 2557 nihil
824 2491 865 2556 ad
885 2492 1064 2557 fallendum
1083 2492 1235 2558 inducere
1254 2496 1361 2579 potuit

232 2599 458 2684 Evangelistas.
484 2597 570 2659 Nihil
586 2598 671 2660 enim
689 2595 850 2661 commodi
870 2598 921 2661 vel
942 2597 974 2659 in
987 2597 1048 2661 hac
1061 2599 1112 2661 vel
1126 2599 1159 2660 in
1176 2598 1275 2661 altera
1293 2600 1358 2662 vita

231 2700 426 2787 sperandum
439 2699 613 2763 habebant.
630 2698 715 2780 Quid
728 2700 814 2763 cnim
826 2700 859 2762 in
871 2698 933 2762 bac
944 2699 1007 2762 vila
1020 2700 1094 2784 ipsis
1108 2699 1358 2785 exspectandum

232 2803 316 2868 erat?
333 2804 516 2887 DespectuS,
539 2802 750 2885 contumeliae,
768 2801 1015 2886 persecutiones,
1036 2811 1192 2866 tormenta
1213 2802 1360 2867 acerbis-

174 2927 179 2934 ·
232 2910 323 2989 sima,
345 2926 432 2970 mors
450 2904 641 2988 turpissima.
663 2904 803 2969 Christus
831 2925 886 2967 eos
912 2903 998 2967 bisce
1018 2903 1124 2967 verbis
1152 2892 1360 2990 praemonue-

233 3020 283 3074 rat
294 3007 366 3094 (l):
385 3008 454 3072 Nou
471 3019 513 3071 est
532 3029 637 3072 seruus
654 3009 754 3091 major
776 3008 908 3070 Domino
924 3028 990 3075 suo.
1004 3007 1041 3070 Si
1053 3029 1099 3070 me
1116 3011 1267 3092 persecuti
1287 3020 1362 3073 sunt

231 3124 260 3176 et
290 3133 339 3176 uos
357 3121 613 3195 persequentur...
638 3109 761 3194 Absque
784 3111 944 3195 spiropopis
966 3110 1078 3194 sacient
1099 3131 1150 3174 uos
1176 3135 1186 3172 :
1206 3112 1257 3173 scd
1278 3114 1361 3174 veuit

231 3216 318 3289 bora,
336 3225 369 3277 ut
391 3215 489 3277 ornetis
502 3216 556 3296 qui
573 3213 715 3297 interficit
731 3234 781 3276 vos
803 3212 966 3276 arbitretur
983 3212 1155 3298 obsequium
1168 3219 1359 3298 repraestare

231 3319 306 3381 Deo.
324 3317 362 3379 Et
375 3336 487 3379 revera
500 3315 570 3378 baec
586 3316 754 3400 prophetia
770 3314 944 3399 adimpleta
959 3315 1029 3379 fuit.
1045 3316 1188 3401 Apostoli
1205 3327 1234 3380 et
1247 3319 1358 3382 Evan-

231 3420 349 3506 gelistae
373 3417 481 3481 omnia
506 3418 762 3501 persecutionum
785 3428 817 3481 et
844 3419 1109 3482 contumeliarum
1131 3441 1250 3505 genera
1273 3423 1357 3506 passi

231 3533 315 3606 sunt,
334 3519 377 3586 ad
394 3518 597 3584 asserendam
620 3520 784 3606 Evangelii
806 3522 985 3606 veritatem,
1004 3523 1082 3608 quin
1107 3532 1137 3586 et
1162 3545 1255 3587 suum
1278 3545 1358 3587 san-

162 3676 165 3680 *
230 3628 361 3713 guinem
383 3624 415 3686 in
439 3622 523 3687 illius
547 3621 822 3687 confirmationem
845 3623 1008 3687 fuderunt.
1028 3622 1105 3704 Quis
1128 3634 1235 3689 autem
1260 3626 1358 3690 vellet

230 3731 328 3795 vitam
346 3726 519 3811 transigere
543 3723 738 3811 despectam,
764 3727 897 3791 miseriis
915 3735 946 3789 et
955 3727 1160 3812 passionibus
1177 3729 1307 3812 plenam
1326 3738 1358 3792 et

232 3832 382 3918 martyrio
405 3838 590 3893 coronatam
613 3839 649 3893 ut
671 3851 781 3893 veram
804 3852 871 3893 esse
889 3839 1042 3894 assereret
1064 3830 1229 3894 historiam
1252 3831 1357 3917 ipsum

231 3935 394 4020 despectui
405 3930 596 4015 tradentem,
612 3953 710 4018 quam
722 3933 779 3996 scit
790 3954 856 3996 esse
867 3953 996 4016 prorsus
1009 3931 1140 3995 salsam?
1151 3932 1251 3996 Nemo
1262 3954 1354 4016 sane.
1456 4010 1467 4025 Ι

231 4041 294 4122 Qui
308 4038 394 4101 enim
406 4037 526 4100 factum
540 4034 671 4123 aliquod
685 4036 781 4098 ctiam
794 4057 866 4099 cum
884 4035 1026 4120 periculo
1038 4035 1149 4100 mortis
1165 4037 1286 4118 asserit,
1301 4035 1357 4098 ille

263 4312 386 4378 (oront
400 4307 582 4374 xv,eo;xv1‚
596 4307 621 4373 a
636 4307 767 4373 narrar,
780 4307 820 4373 ra
833 4309 891 4362 tuo.
904 4286 935 4374 x,
948 4313 974 4362 s.
