3166 4958
255 305 318 368 200
481 326 681 371 rurnonucrro
698 327 846 371 sonemus
864 321 896 362 ΙΝ
914 322 939 363 s·
956 321 1158 365 scalatum·

254 421 381 485 uicerit.
400 422 537 507 Etenim,
557 435 726 512 postquam
742 448 800 512 per
817 425 943 508 triginta
961 442 1061 484 annos
1076 422 1200 504 ignotus
1215 423 1282 487 fere
1298 425 1385 489 inter

253 525 398 587 hemines
411 523 589 611 delituerat,
603 529 635 592 in
651 529 816 613 publicum
829 524 958 613 prodiit,
974 532 1004 587 et
1019 522 1209 608 baptismate
1225 547 1245 588 a
1256 526 1385 592 Joannc

253 627 286 687 in
300 626 440 691 Jordane
458 640 590 714 accepto
601 629 791 716 jejunioque
807 626 1063 716 quadragenario
1080 629 1255 711 premisso,
1276 633 1386 715 poeni-

253 729 384 792 tentiam
397 751 435 794 ac
452 734 542 817 regni
559 735 615 796 Dei
631 732 810 798 doctrinam
823 731 1062 815 adventumque
1079 728 1255 813 praedicare
1273 735 1380 818 coepit.

254 832 342 895 Tunc
355 834 536 899 universam
549 834 713 900 Galilaeam
730 846 761 899 et
772 835 918 898 Judaeam
936 831 1091 897 circuibat
1106 831 1263 898 indefesse
1276 838 1383 900 omui-

253 933 313 996 bus
330 934 538 1019 Evangelium
563 936 750 1022 praedicans.
773 936 916 1000 Docebat
935 933 1119 1017 intemplo,
1145 935 1178 997 in
1201 938 1381 1021 synagogis,

254 1057 312 1120 per
334 1037 474 1102 civitates
498 1049 529 1102 et
553 1041 694 1122 castella,
719 1041 751 1102 in
774 1048 893 1120 monte,
918 1038 952 1100 in
976 1033 1209 1129 solitudinibus,
1232 1035 1276 1100 ad
1296 1038 1384 1102 littus

254 1142 363 1223 maris,
381 1141 414 1203 in
432 1143 580 1206 nauicula
598 1142 723 1225 sedens,
740 1142 867 1228 publice
885 1140 1006 1220 turbas,
1030 1138 1177 1223 privatim
1195 1138 1381 1226 discipulos.

254 1244 285 1306 Si
302 1265 414 1329 quase
431 1247 555 1310 occasio
569 1246 735 1330 offerebat,
753 1247 778 1310 si
792 1243 880 1332 quod
894 1243 1086 1307 miraculum
1102 1242 1261 1326 patrabat,
1279 1246 1304 1308 si
1316 1267 1384 1331 qua

254 1345 356 1428 vinea,
373 1347 485 1433 siquis
499 1347 667 1431 ficulneus,
682 1349 707 1412 si
724 1346 811 1434 quod
828 1366 964 1432 granum
979 1343 1108 1429 sinapis,
1124 1342 1149 1407 si
1165 1365 1236 1430 quae
1250 1348 1383 1432 nuptiae,

255 1454 309 1508 aut
329 1445 494 1532 quidpiam
512 1447 601 1512 aliud
622 1449 822 1537 occurrebat,
839 1447 913 1512 inde
929 1444 1097 1511 exordium
1112 1447 1259 1512 sumebat
1275 1459 1311 1512 ut
1327 1448 1385 1512 di-

254 1550 329 1639 vina
351 1548 502 1635 dogmata
524 1540 692 1619 revelaret.
719 1555 893 1640 Postquam
917 1562 1025 1616 autem
1046 1550 1089 1614 ita
1113 1572 1171 1636 per
1195 1561 1257 1616 tres
1280 1574 1384 1618 annos

255 1653 401 1717 salutaris
423 1652 578 1718 doctrina
605 1657 726 1720 semina
749 1664 908 1742 sparserat
929 1675 988 1739 per
1011 1654 1193 1717 universam
1215 1653 1383 1720 Galilaeam

254 1763 351 1840 atque
373 1756 541 1840 Judaeam,
566 1768 669 1823 morte
692 1758 841 1842 devicta,
867 1758 899 1822 in
924 1757 1040 1822 ooelum
1063 1778 1096 1820 se
1120 1759 1251 1843 recepit,
1277 1778 1383 1844 quum

254 1854 411 1941 dogmatis
427 1868 482 1922 aut
497 1860 646 1945 praecepti
664 1861 744 1924 nihil
762 1859 940 1946 quidquam
955 1859 1139 1943 scripsisset,
1154 1857 1211 1922 sed
1222 1858 1386 1944 Apostolis

211 2028 216 2036 ,
253 1959 317 2022 suis
332 1961 532 2045 praecepisset
548 1971 584 2025 nt
601 1960 814 2047 predicatione
832 1982 896 2024 non
913 1961 1073 2044 Scriptura
1094 1960 1260 2024 veritatem
1277 1981 1384 2024 evan-
1444 2015 1448 2021 .

253 2061 389 2144 gelicam
404 2063 588 2130 hominibus
604 2067 843 2131 annuntiarent.

297 2164 329 2227 5.
351 2164 494 2250 Apostoli
514 2168 622 2252 igitur,
642 2177 774 2254 accepta
792 2189 832 2232 cx
847 2166 1057 2256 promissione
1075 2166 1188 2237 Christi
1208 2167 1384 2231 assistentia

253 2265 388 2352 Spiritus
404 2270 516 2352 sancti,
533 2270 658 2334 initium
676 2269 910 2356 praedicationis
925 2279 1085 2334 sumentes
1105 2291 1125 2332 a
1143 2268 1333 2355 Jerocolyma
1354 2281 1385 2333 et

253 2372 339 2432 amai
359 2371 467 2435 Judaa
490 2384 518 2436 et
540 2373 686 2436 Samaria
705 2383 735 2436 et
757 2394 852 2458 usqae
874 2373 915 2436 ad
935 2370 1077 2434 ultimam
1101 2382 1198 2445 terrra,
1213 2371 1383 2456 pradicant
1481 2456 1485 2461 ᾖ

252 2471 450 2555 Euangelium
467 2478 552 2538 ouini
562 2487 707 2538 creaturae
719 2487 897 2559 canctusque
907 2485 1007 2561 pentes
1019 2474 1123 2537 doceret
1139 2494 1259 2537 serame
1276 2474 1381 2536 omnia

253 2594 446 2659 qaaecumque
459 2576 599 2641 Christus
611 2580 687 2662 ipsit
703 2579 898 2642 maudaverat
911 2576 972 2663 (l).
987 2575 1153 2639 Illi-autem
1172 2576 1310 2661 prostrati,
1324 2577 1389 2655 in-v

253 2677 323 2760 quit
335 2677 548 2763 Evangelista,
560 2681 800 2764 praedicaverant
810 2679 930 2764 abique,
943 2681 1074 2743 Domino
1087 2689 1263 2762 cooperante
1274 2688 1301 2740 et
1311 2699 1379 2741 ser-

252 2799 372 2842 moacra
380 2781 578 2866 confirmante
586 2782 777 2867 acquestibus
788 2785 884 2866 sipara
892 2780 951 2868 (2).
960 2781 1073 2845 Statim
1085 2778 1164 2845 fides
1173 2801 1380 2866 quocumque

253 2879 442 2947 diffunditur
464 2884 537 2949 viva
556 2884 784 2970 Apostolorum
808 2905 886 2949 voce
904 2905 968 2948 non
986 2884 1160 2968 Scriptura.
1179 2884 1252 2947 Jam
1275 2884 1377 2969 Syria,

254 2984 492 3069 Mesopotamia,
510 2986 585 3052 Asia
601 2988 716 3072 Minor,
732 2987 865 3067 Gracia,
883 2988 1037 3073 AEgyptus
1051 2995 1148 3071 atque
1163 2986 1266 3067 Italia,
1281 2983 1379 3050 fidem

253 3087 458 3151 christianam
475 3099 694 3173 susceperunt3
709 3088 780 3174 jam
798 3089 830 3152 in
846 3087 925 3152 fines
948 3087 1035 3153 orbis
1059 3097 1150 3152 terrae
1165 3095 1391 3172 peruenerunt,

253 3189 352 3254 verba
381 3190 609 3276 Apostolorum
631 3193 692 3279 (ὅ).
720 3191 795 3271 Qua
817 3193 947 3256 uidimus
970 3190 1062 3255 oculas
1085 3192 1208 3264 noeais,
1230 3191 1381 3277 inquiunt

252 3290 318 3355 divi
332 3314 504 3376 praecones,
520 3296 600 3379 qaod
613 3297 821 3379 perspeximus
831 3307 861 3358 et
877 3312 986 3360 aranas
1002 3306 1113 3359 nestra
1124 3306 1381 3359 corrtrectaoerant

253 3394 289 3455 de
313 3394 398 3459 uerbo
422 3399 529 3459 cita...
555 3399 773 3461 crescentianae
797 3397 878 3461 uobis
901 3396 960 3482 (ll.
991 3398 1166 3481 Postquam
1189 3397 1284 3481 igitur
1306 3399 1382 3462 viva
1422 3452 1425 3457 .

253 3517 331 3559 voce
351 3517 409 3580 per
424 3495 556 3582 aliquod
576 3508 701 3583 tempus
717 3497 830 3562 Christi
846 3507 933 3582 gesta
948 3506 1045 3582 atque
1062 3505 1222 3582 praecepta
1235 3497 1381 3582 Apostoli

253 3597 506 3683 predicaverunt
519 3621 559 3664 ac
572 3601 735 3664 miraculis
750 3597 903 3664 doctrinae
917 3620 980 3664 sue
994 3600 1216 3663 auctoritatem
1229 3598 1383 3684 praebue-

252 3710 336 3785 rant3
362 3723 462 3787 quum
478 3701 548 3787 jam
571 3704 736 3767 universus
757 3702 843 3766 orbis
861 3694 1007 3767 veritates
1028 3699 1102 3765 fidei
1126 3700 1295 3765 traditione
1314 3724 1383 3769 non

251 3806 414 3890 Scriptura
432 3815 636 3890 susceperat3
656 3814 724 3869 tum
742 3803 808 3869 diri
825 3805 870 3868 illi
889 3804 1035 3891 discipuli
1055 3805 1208 3890 singulari
1226 3805 1283 3868 ltei
1299 3827 1382 3892 pro-

284 4088 320 4150 (t)
332 4088 424 4138 Mattlt.
438 4087 544 4146 uxum,
556 4087 597 4153 203
609 4089 694 4141 Marc.
704 4087 767 4149 XVl,
781 4089 821 4153 ¹55
837 4088 894 4140 Act.
911 4087 931 4151 l,
946 4088 970 4139 a.

286 4169 321 4232 (Ξ)
332 4169 418 4221 Marc.
429 4170 492 4232 XVI,
507 4170 548 4222 20.

285 4253 321 4319 (5)
331 4252 401 4303 Ram.
414 4253 446 4315 x,
460 4255 499 4305 ts.

285 4334 321 4400 (l)
333 4334 346 4385 l
358 4335 434 4387 lona.
449 4336 467 4397 l,
479 4340 502 4389 l.
