3142 4964
341 374 417 417 rans
428 375 451 417 1.
467 372 559 423 curor
571 373 619 416 111.
634 373 673 415 na
686 373 784 416 arants
799 373 927 417 ruoreuu
937 375 973 418 ur
985 375 1078 420 nuru.
1235 358 1277 423 65

149 495 213 538 aon
230 471 402 542 deleverunt
422 470 484 557 filii
502 470 666 555 Beujomia
685 495 694 534 .·
711 471 914 558 habitavitque
934 472 1088 538 debuemus
1110 495 1177 538 eam
1200 476 1276 561 pua

147 576 314 660 Benjomin
330 578 362 637 ia
379 572 547 638 Jerusalem
566 594 659 659 usqae
679 576 711 636 in
728 574 907 638 hodiernam
922 576 1012 639 diem.
1031 577 1131 641 Porro
1148 581 1184 640 11
1199 581 1273 665 llep.

148 677 191 760 V,
210 679 242 740 7.
258 685 406 743 narratur
421 675 583 740 Jebusaeos
597 698 617 739 a
632 675 765 760 Doride,
784 677 918 762 septimo
931 677 999 764 ejus
1013 681 1104 765 regni
1119 702 1216 764 anno,
1236 704 1277 749 ex

147 800 225 843 arce
245 779 348 847 Sionis
370 780 517 862 expulsos
539 779 654 860 fuisse,
678 777 823 864 adeoque
847 802 911 845 non
935 782 1072 867 amplius
1094 783 1275 849 iebusoeum
1317 814 1319 818 ⁴

149 881 344 945 habitavisse
358 902 432 944 cum
447 881 519 944 filiis
534 881 702 966 Benjamin
718 882 751 945 in
768 882 958 947 Jerusalem.
976 884 1134 950 Praeterea
1147 886 1179 949 in
1192 888 1275 953 libro

149 985 256 1069 primo
272 986 399 1070 Regum
412 998 476 1047 non
492 985 590 1048 semol
608 981 761 1048 alluditur
775 984 817 1049 ad
834 1007 871 1049 ea
890 1005 960 1070 quae
977 986 1017 1051 in⁴
1029 984 1111 1050 libro
1124 987 1275 1055 iudicum
1344 974 1349 981 ’

149 1086 323 1170 habentur,
333 1095 499 1172 tamquam
512 1083 554 1150 ad
567 1086 651 1150 facta
665 1088 880 1171 vulgatissima
892 1097 924 1151 et
936 1089 1092 1153 memoria
1103 1088 1199 1175 digna
1212 1094 1224 1175 (
1248 1093 1272 1178 ).

149 1191 215 1253 Ista
239 1190 335 1274 igitur
354 1188 425 1275 jam
452 1198 542 1252 erant
569 1190 679 1253 litteris
706 1189 859 1254 mandata
887 1189 1016 1275 quando
1044 1191 1127 1256 liber
1153 1195 1275 1278 primus

148 1294 277 1377 Regum
296 1301 441 1356 exaratus
465 1292 533 1357 fuit.
560 1291 711 1378 Alioquin
727 1303 837 1357 auctor
860 1293 934 1357 libri
951 1296 1083 1379 ,Regum
1107 1317 1170 1359 non
1189 1299 1283 1360 omi-.

148 1396 240 1459 sisset
256 1396 310 1461 illa
334 1416 476 1460 narrare.
499 1397 545 1458 Ex
563 1397 662 1459 altera
686 1405 793 1460 autem
817 1406 907 1483 parte
931 1398 1049 1481 pluries
1066 1399 1099 1461 in
1116 1398 1198 1463 libro
1212 1400 1274 1464 Ju-

149 1497 261 1563 dicum
276 1498 454 1583 repetitur:
480 1499 511 1560 iu
535 1497 636 1562 diebus
654 1498 793 1563 illistron
816 1511 880 1562 erut
902 1521 955 1562 ree
969 1502 1002 1562 in
1024 1500 1131 1580 Israel,
1150 1523 1189 1564 cx
1209 1524 1273 1587 quo

148 1603 303 1686 consequi
324 1599 448 1671 videtur
472 1601 629 1664 Israelitas
646 1599 717 1686 jam
733 1622 842 1687 regem
858 1601 1018 1685 habuisse,
1040 1601 1170 1689 quando
1192 1605 1274 1668 liber

149 1703 302 1768 iudicum
318 1713 463 1768 exaratus
475 1704 547 1767 fuit.
567 1703 643 1767 Haec
659 1714 766 1768 autem
779 1706 887 1769 omnia
903 1707 1048 1790 apprime
1067 1703 1227 1791 quadrant
1241 1708 1276 1771 in

43 1884 46 1889 Ι
148 1807 346 1890 Samuelem,
361 1807 416 1893 qui
429 1807 489 1870 sub
505 1806 600 1870 Saule
616 1805 672 1871 diu
686 1808 762 1871 vixit
779 1817 809 1871 et
823 1808 979 1873 Davidem
995 1809 1028 1872 in
1046 1830 1155 1895 regem
1171 1812 1272 1879 unxit.

149 1910 251 1975 Porro
276 1919 309 1974 et
330 1911 426 1996 stylus
448 1918 480 1973 et
501 1929 615 1994 scopus
639 1910 711 1974 libri
744 1910 894 1975 eumdem
918 1921 1070 1996 expetunt
1096 1922 1271 1978 auctorem.

149 2012 272 2077 Auctor
294 2013 379 2077 enim
403 2014 436 2075 in
459 2013 648 2076 memoriam
673 2014 887 2078 israelitarum
909 2023 1038 2079 revocat
1060 2037 1125 2097 eos,
1151 2018 1274 2100 quoties

86 2163 90 2168 -
148 2113 192 2179 ad
209 2113 296 2179 idola
311 2113 563 2198 declinaverunt,
582 2116 614 2178 in
633 2115 815 2179 servitutem
839 2117 933 2180 luisse
957 2115 1103 2181 redactos
1121 2127 1151 2181 et
1171 2141 1189 2182 a
1206 2121 1274 2184 Deo

148 2215 331 2299 derelictos,
357 2217 480 2303 quoties
500 2238 576 2280 vero
596 2215 638 2281 ad
662 2238 773 2282 verum
796 2219 899 2282 Deum
921 2220 1107 2303 prenitentes
1130 2223 1274 2286 conversi

148 2330 234 2402 suat,
251 2320 346 2384 luisse
366 2318 526 2383 liberatos.
550 2320 647 2405 Atqui
663 2321 774 2405 primis
790 2322 917 2405 Regum
933 2321 1129 2406 temporibus
1141 2332 1273 2408 oporte-

145 2421 206 2487 bat
217 2422 285 2486 haec
300 2421 333 2485 in
351 2423 540 2487 memoriam
560 2423 671 2507 populi
686 2443 850 2505 revocare,
873 2444 913 2486 ne
931 2423 1079 2508 populus,
1099 2424 1201 2488 fausta
1214 2425 1274 2490 sub

147 2525 277 2611 regibus
294 2525 401 2593 omnia
413 2525 546 2608 habens,
565 2535 691 2610 putaret
703 2524 837 2590 adversa
850 2549 921 2612 quae
934 2537 1028 2592 antea
1043 2550 1153 2614 passus
1168 2531 1275 2596 fuerat

148 2651 189 2692 ex
206 2630 282 2695 vitio
294 2628 456 2713 regiminis
476 2629 658 2694 theocratici
677 2632 856 2715 provenire,
880 2639 944 2696 non
964 2642 1071 2696 autem
1089 2654 1109 2697 a
1124 2633 1190 2698 Deo
1210 2656 1272 2719 pu·

147 2733 268 2797 niente.
652 2802 657 2815 ,

192 2834 224 2899 5.
252 2833 324 2919 Obj.
347 2836 384 2899 In
407 2835 489 2899 libro
514 2834 663 2900 Judicum
684 2836 877 2902 adhibentur
897 2839 1026 2901 nomina
1046 2839 1216 2904 tamarem
1240 2851 1272 2905 et

145 2937 265 3003 Domus
285 2937 355 3010 Dei,
373 2957 444 3022 quae
459 2937 583 3002 nonnisi
605 2937 664 3001 sub
687 2938 815 3023 regibus
830 2940 863 3003 in
876 2959 936 3003 usu
951 2938 1090 3003 fuerunt.
1114 2941 1270 3005 Preterea

146 3037 266 3105 librum
280 3039 431 3105 iudicum
446 3062 484 3104 ex
497 3041 591 3105 variis
604 3038 736 3104 diversae
748 3042 845 3104 aetatis
857 3041 1042 3125 fragmentis
1059 3044 1269 3126 compositum

146 3164 216 3207 esse
237 3152 322 3228 patet
337 3165 377 3208 ex
397 3143 524 3208 delectu
540 3167 640 3209 nexus
656 3145 738 3208 inter
754 3147 858 3209 varias
874 3146 1071 3209 narrationes
1087 3155 1118 3208 et
1135 3168 1173 3208 rx
1188 3148 1269 3210 inte-

146 3247 300 3332 qualitate
316 3248 516 3330 narrationis,
534 3269 619 3311 nunc
635 3249 728 3311 nimis
746 3249 889 3331 concisae,
909 3269 993 3313 nunc
1008 3258 1115 3312 autem
1128 3249 1265 3317 fusioris.

131 3333 164 3416 [tl
192 3348 224 3412 6.
241 3349 331 3434 Resp.
351 3349 445 3414 Nullo
461 3349 654 3414 documento
674 3360 795 3415 constat
810 3371 927 3415 nomen
948 3350 1117 3415 Juusolem
1137 3352 1197 3416 sub
1208 3351 1264 3437 ju·

145 3450 271 3515 dicibus
288 3450 431 3516 nondum
448 3454 543 3517 fuisse
559 3454 720 3518 usitatum.
742 3453 943 3518 Vocabulum
959 3463 1065 3518 autem
1083 3455 1188 3519 deutris
1209 3457 1269 3519 Dei

145 3551 188 3616 de
200 3553 407 3619 tabernaculo
415 3553 485 3640 jam
499 3556 532 3618 in
544 3557 759 3620 Pentateucho
774 3555 953 3620 adhibitum
966 3557 1035 3620 fuit.
1051 3556 1144 3640 Quod
1157 3567 1265 3623 autem

144 3658 180 3742 in
194 3655 276 3719 libro
292 3654 441 3721 iudicum
455 3658 630 3742 fragmenta
644 3656 764 3722 ,dissuta
782 3669 967 3744 appareant,
981 3660 1043 3724 hoc
1055 3682 1120 3723 non
1133 3661 1265 3746 impedit

143 3759 277 3823 unicum
294 3779 360 3822 esse
373 3769 535 3835 auctorem
551 3763 605 3846 qui
618 3762 844 3846 eacollegerit.
861 3763 899 3825 Et
914 3782 1026 3827 revera
1038 3764 1168 3826 unicum
1180 3764 1263 3828 illius

143 3859 220 3924 libri
243 3870 406 3925 auctorem
428 3862 665 3948 agnoscendum
688 3862 822 3929 suadent
844 3864 930 3929 idem
948 3864 1068 3950 ubique
1085 3867 1152 3950 styli
1174 3867 1263 3930 color

87 4047 96 4055 Ι
142 3961 294 4048 idemque
311 3964 404 4027 totius
419 3964 492 4028 libri
508 3987 632 4049 scopus.

76 4128 82 4143 ι
110 4066 132 4123 i
186 4067 220 4129 7.
234 4067 323 4130 Fides
343 4067 483 4131 historica
496 4080 585 4153 atque
600 4071 753 4135 diviuitas.
778 4071 981 4157 Quamquam
1002 4071 1142 4155 Samuel,
1164 4093 1261 4158 quem

140 4169 216 4234 libri
232 4179 398 4233 auctorem
410 4179 565 4256 tenemus,
586 4173 728 4237 omnium
749 4195 819 4259 quae
836 4183 944 4238 namet
959 4176 1044 4239 testis
1065 4196 1136 4238 esse·
1147 4175 1261 4261 nequi-

170 4397 209 4464 (t)
221 4395 275 4448 ce.
288 4394 304 4447 1
315 4396 377 4491 aeq.
389 4396 442 4461 uu,
457 4397 517 4449 ers
527 4411 586 4469 eum
599 4399 658 4452 aaa.
672 4398 712 4463 iv,
728 4398 764 4465 23
782 4400 823 4469 rr,
834 4373 876 4463 u,
888 4398 921 4471 25
932 4398 997 4453 mv.

110 4457 225 4589 lqldaatl
247 4476 353 4557 ΝΜ
365 4472 448 4561 iou.
